@article{Gro19,
author = {Gross, Martin and Pfetsch, Marc E. and Schewe, Lars and Schmidt, Martin and Skutella, Martin},
title = {Algorithmic results for potential-based flows: {E}asy and hard cases},
journal = {Networks},
volume = {73},
number = {3},
pages = {306--324},
doi = {10.1002/net.21865},
year = {2019}
}

@incollection{Edm77,
  author    = {Jack Edmonds and 
               Rick Giles},
  title     = {A Min-Max Relation for Submodular Functions on Graphs},
  editor    = {P.L. Hammer and E.L. Johnson and B.H. Korte and G.L. Nemhauser},
  series    = {Annals of Discrete Mathematics},
  publisher = {Elsevier},
  volume    = {1},
  pages     = {185--204},
  booktitle = {Studies in Integer Programming},
  issn      = {0167-5060},
  doi       = {10.1016/S0167-5060(08)70734-9},
  url       = {http://www.sciencedirect.com/science/article/pii/S0167506008707349},
  year      = {1977}
}

@article{Hop74,
  author    = {John Hopcroft and 
               Robert Tarjan},
  title     = {Efficient Planarity Testing},
  journal   = {Journal of the ACM},
  volume    = {21},
  number    = {4},
  numpages  = {20},
  acmid     = {321852},
  doi       = {10.1145/321850.321852},
  issn      = {0004-5411},
  publisher = {ACM},
  address   = {New York, NY, USA},
  pages     = {549--568},
  year      = {1974}
} 

@article{Ros86,
  author    = {Pierre Rosenstiehl and
               Robert E. Tarjan},
  title     = {Rectilinear planar layouts and bipolar orientations of planar graphs},
  journal   = {Discrete {\&} Computational Geometry},
  volume    = {1},
  number    = {4},
  issn      = {1432-0444},
  doi       = {10.1007/BF02187706},
  pages     = {343--353},
  year      = {1986}
}

@article{Wit16,
  author    = {Dirk Witthaut    and 
               Martin Rohden    and 
               Xiaozhu Zhang    and 
               Sarah Hallerberg and 
               Marc Timme},
  title     = {Critical Links and Nonlocal Rerouting in Complex Supply Networks},
  journal   = {Phys. Rev. Lett.},
  volume    = {116},
  issue     = {13},
  pages     = {138701},
  numpages  = {6},
  year      = {2016},
  publisher = {American Physical Society},
  doi       = {10.1103/PhysRevLett.116.138701}
}


@article{Eve76,
  author    = {Shimon Even         and 
               Robert Endre Tarjan},
  title     = {Computing an st-numbering},
  journal   = {Theoretical Computer Science},
  volume    = {2},
  number    = {3},
  issn      = {0304-3975},
  doi       = {10.1016/0304-3975(76)90086-4},
  pages     = {339--344},
  year      = {1976},
}

@article{Fra95,
  author    = {Hubert de Fraysseix      and 
               Patrice Ossona de Mendez and 
               Pierre Rosenstiehl},
  title     = {Bipolar orientations revisited},
  journal   = {Discrete Applied Mathematics},
  volume    = {56},
  number    = {2},
  issn      = {0166-218X},
  doi       = {10.1016/0166-218X(94)00085-R},
  note      = {Fifth Franco-Japanese Days},
  pages     = {157--179},
  year      = {1995},
}

@article{Kav09,
  author    = {Telikepalli Kavitha  and 
               Christian Liebchen   and 
               Kurt Mehlhorn        and 
               Dimitrios Michail    and 
               Romeo Rizzi          and 
               Torsten Ueckerdt     and 
               Katharina A. Zweig},
  title     = {Survey: {C}ycle Bases in Graphs Characterization, Algorithms, Complexity, and Applications},
  journal   = {Comput. Sci. Rev.},
  volume    = {3},
  number    = {4},
  issn      = {1574-0137},
  pages     = {199--243},
  numpages  = {45},
  doi       = {10.1016/j.cosrev.2009.08.001},
  acmid     = {2296039},
  publisher = {Elsevier Science Publishers B. V.},
  address   = {Amsterdam, The Netherlands, The Netherlands},
  year      = {2009}
} 

@article{Cha00,
  author    = {Bernard Chazelle},
  title     = {A Minimum Spanning Tree Algorithm with inverse-Ackermann Type Complexity},
  journal   = {J. ACM},
  volume    = {47},
  number    = {6},
  issn      = {0004-5411},
  numpages  = {20},
  doi       = {10.1145/355541.355562},
  acmid     = {355562},
  publisher = {ACM},
  address   = {New York, NY, USA},
  pages     = {1028--1047},
  year      = {2000}
}

@article{Sah74,
  author    = {Sartaj Sahni},
  title     = {Computationally Related Problems},
  journal   = {{SIAM} Journal on Computing},
  volume    = {3},
  number    = {4},
  doi       = {10.1137/0203021},
  pages     = {262--279},
  year      = {1974}
}

@InProceedings{Gao18, 
  author    = {Shilin {Gao} and 
               Hua {Ye}     and 
               Yanling {Du} and 
               Haitao {Liu}}, 
  booktitle = {13th {IEEE} Conference on Industrial Electronics and Applications ({ICIEA})}, 
  title     = {A general decoupled {AC}/{DC} power flow algorithm with {VSC}-{MTDC}}, 
  volume    = {}, 
  number    = {}, 
  doi       = {10.1109/ICIEA.2018.8397997}, 
  issn      = {2158-2297}, 
  pages     = {1779--1784}, 
  year      = {2018}, 
}
Shilin Gao ; Hua Ye ; Yanling Du ; Haitao Liu

@article{Eul36,
  author    = {Leonhard Euler},
  journal   = {Commentarii academiae scientiarum Petropolitanae},
  pages     = {128--140},
  priority  = {2},
  title     = {Solutio problematis ad geometriam situs pertinentis},
  volume    = {8},
  year      = {1741},
  url       = {http://eulerarchive.maa.org//pages/E053.html}
}

@InProceedings{Jor11a,
  author    = {Gwena{\"e}l Joret  and
               Christophe Paul    and
               Ignasi Sau         and
               Saket Saurabh      and
               St{\'e}phan Thomass{\'e}},
  editor    = {Camil Demetrescu   and 
               Magn{\'u}s M. Halld{\'o}rsson},
  title     = {Hitting and Harvesting Pumpkins},
  booktitle = {Algorithms -- ESA 2011},
  publisher = {Springer Berlin Heidelberg},
  address   = {Berlin, Heidelberg},
  doi       = {10.1007/978-3-642-23719-5_34},
  isbn      = {978-3-642-23719-5},
  pages     = {394--407},
  year      = {2011}
}

@article{Jor11b,
  author    = {Gwena{\"{e}}l Joret and
               Christophe Paul and
               Ignasi Sau and
               Saket Saurabh and
               St{\'{e}}phan Thomass{\'{e}}},
  title     = {Hitting and Harvesting Pumpkins},
  journal   = {CoRR},
  volume    = {abs/1105.2704},
  year      = {2011},
  url       = {http://arxiv.org/abs/1105.2704},
  archivePrefix = {arXiv},
  eprint    = {1105.2704},
}

@article{Ban22,
author = {Stefan Banach},
title = {Sur les op\'erations dans les ensembles abstraits et leur application aux \'equations int\'egrales},
journal = {Fundamenta Mathematicae},
language = {fre},
number = {1},
pages = {133--181},
url = {http://eudml.org/doc/213289},
volume = {3},
year = {1922}
} 

@article{Ahu89,
 author = {Ahuja, R. K. and 
          Orlin, James B.},
 title = {A Fast and Simple Algorithm for the Maximum Flow Problem},
 journal = {Oper. Res.},
 volume = {37},
 number = {5},
 year = {1989},
 issn = {0030-364X},
 pages = {748--759},
 numpages = {12},
 doi = {10.1287/opre.37.5.748},
 acmid = {2765002},
 publisher = {INFORMS},
 address = {Institute for Operations Research and the Management Sciences (INFORMS), Linthicum, Maryland, USA},
} 


@article{Tru89,
  author      = {Klaus Truemper},
  title       = {On the delta-wye reduction for planar graphs},
  journal     = {Journal of Graph Theory},
  volume      = {13},
  number      = {2},
  doi         = {10.1002/jgt.3190130202},
  pages       = {141--148},
  year        = {1989}
}

@article{Bie98,
  author      = {Therese Biedl and Goos Kant},
  title       = {A better heuristic for orthogonal graph drawings},
  journal     = {Computational Geometry},
  volume      = {9},
  number      = {3},
  doi         = {10.1016/S0925-7721(97)00026-6},
  issn        = {0925-7721},
  pages       = {159--180},
  year        = {1998}
}

@techreport{Sat93,
  author      = { Appaajosyula Satyanarayana and 
                  Ralph Tindell},
  title       = {Efficient Algorithms for the Evaluation of Planar Network Reliability},
  institution = {Stevens Institute of Technology, Hoboken NJ, Department of Electrical Engineering and Computer Science},
  year        = {1993}
}

@article{Ros24, 
  author      = {A. Rosen}, 
  title       = {A new network theorem}, 
  journal     = {Journal of the Institution of Electrical Engineers}, 
  volume      = {62}, 
  number      = {335}, 
  doi         = {10.1049/jiee-1.1924.0120}, 
  issn        = {},
  pages       = {916--918}, 
  year        = {1924}, 
}

@article{But21,
  author      = {Stephen Butterworth},
  title       = {Notes on Earth Capacity Effects in Alternating-Current Bridges},
  journal     = {Proceedings of the Physical Society of London},
  publisher   = {{IOP} Publishing},
  volume      = {34},
  number      = {1},
  doi         = {10.1088/1478-7814/34/1/302},
  pages       = {8--16},
  year        = {1921}
  
}

@article{Ken99,
  author      = {Arthur E. Kennelly},
  title       = {The Equivalence of Triangles and Three-Pointed Stars in Conducting Networks},
  journal     = {Electrical World and Engineer},
  number      = {12},
  pages       = {413--414},
  volume      = {34},
  year        = {1899}
}

@article{Epi66,
  author      = {G. V. Epifanov},
  title       = {Reduction of a plane graph to an edge by star-triangle transformations},
  journal     = {Doklady Akademii Nauk {SSSR}},
  volume      = {166},
  number      = {1},
  pages       = {19--22},
  year        = {1966},
  url         = {http://mi.mathnet.ru/dan31994}
}

@article{Leh63,
  author      = {Alfred Lehman},
  title       = {Wye-Delta Transformation in Probabilistic Networks},
  journal     = {Journal of the Society for Industrial and Applied Mathematics},
  number      = {3},
  pages       = {773--805},
  publisher   = {Society for Industrial and Applied Mathematics},
  volume      = {11},
  year        = {1963},
  ISSN        = {03684245}
}

@article{Sat85,
  author      = { Appaajosyula Satyanarayana and 
                  R. Kevin Wood},
  title       = {A Linear-Time Algorithm for Computing K-Terminal Reliability in Series-Parallel Networks},
  journal     = {{SIAM} Journal on Computing},
  volume      = {14},
  number      = {4},
  doi         = {10.1137/0214057},
  pages       = {818--832},
  year        = {1985}
}

@article{Agr84,
  author      = { Avinash Agrawal and 
                  Appaajosyula Satyanarayana},
  title       = {An~$\bigO(\fmagnitude{\gls{edges}})$ Time Algorithm for Computing the Reliability of a Class of Directed Networks},
  journal     = {Operations Research},
  volume      = {32},
  number      = {3},
  doi         = {10.1287/opre.32.3.493},
  pages       = {493--515},
  year        = {1984}
}

@article{Agr85,
  author      = { Avinash Agrawal and 
                  Appaajosyula Satyanarayana},
  title       = {Network reliability analysis using 2-connected digraph reductions},
  journal     = {Networks},
  volume      = {15},
  number      = {2},
  doi         = {10.1002/net.3230150209},
  pages       = {239--256},
  year        = {1985}
}

@article{Pol86, 
  author      = { Themistocles Politof and 
                  Appaajosyula Satyanarayana}, 
  title       = {Efficient algorithms for reliability analysis of planar networks - a survey}, 
  journal     = {IEEE Transactions on Reliability}, 
  volume      = {35}, 
  number      = {3}, 
  doi         = {10.1109/TR.1986.4335427}, 
  issn        = {0018-9529},
  pages       = {252--259}, 
  year        = {1986}
}

@article{Pol92, 
  author      = { Themistocles Politof and 
                  Appaajosyula Satyanarayana and L. Tung}, 
  journal     = {IEEE Transactions on Reliability}, 
  title       = {An~$\bigO(n\cdot\log(n))$ Algorithm to Compute the All-Terminal Reliability of~$(K_5, K_{2,2,2})$~Free Networks}, 
  volume      = {41}, 
  number      = {4}, 
  doi         = {10.1109/24.249577}, 
  issn        = {0018-9529},
  pages       = {512--517}, 
  year        = {1992}
}

@article{Arc00,
  author      = { Dan Archdeacon      and 
                  Charles J. Colbourn and 
                  Isidoro Gitler      and 
                  J. Scott Provan },
  title       = {Four-terminal reducibility and projective-planar wye-delta-wye-reducible graphs},
  volume      = {33},
  journal     = {Journal of Graph Theory},
  issn        = {0364-9024},
  publisher   = {Wiley-Liss Inc.},
  number      = {2},
  pages       = {83--93},
  year        = {2000}
}

@inproceedings{Demasi:2015:FTP:2722129.2722244,
  author      = {Lino Demasi and 
                 Bojan Mohar},
  title       = {Four Terminal Planar Delta-Wye Reducibility via Rooted $K_{2,4}$ Minors},
  booktitle   = {Proceedings of the Twenty-sixth Annual ACM-SIAM Symposium on Discrete Algorithms},
  series      = {SODA '15},
  publisher   = {Society for Industrial and Applied Mathematics},
  address     = {Philadelphia, PA, USA},
  location    = {San Diego, California},
  url         = {http://dl.acm.org/citation.cfm?id=2722129.2722244},
  acmid       = {2722244},
  numpages    = {15},
  pages       = {1728--1742},
  year        = {2015}
} 

@article{Wag15,
  author      = {Donald K. Wagner},
  title       = {Delta–wye reduction of almost-planar graphs},
  journal     = {Discrete Applied Mathematics},
  volume      = {180},
  issn        = {0166-218X},
  doi         = {10.1016/j.dam.2014.07.014},
  pages       = {158--167},
  year        = {2015}
}

@article{DBLP:journals/jgt/Yu04a,
  author      = {Yaming Yu},
  title       = {Forbidden minors for wye-delta-wye reducibility},
  journal     = {Journal of Graph Theory},
  volume      = {47},
  number      = {4},
  pages       = {317--321},
  year        = {2004},
  doi         = {10.1002/jgt.20039}
}

@article{DBLP:journals/combinatorics/Yu06,
  author      = {Yaming Yu},
  title       = {More Forbidden Minors for Wye-Delta-Wye Reducibility},
  journal     = {Electronic Journal of Combinatorics},
  volume      = {13},
  number      = {1},
  year        = {2006},
  issn        = {1077-8926},
  url         = {https://www.combinatorics.org/ojs/index.php/eljc/article/download/v13i1r7/pdf}
}

@article{doi:10.1002/net.20399,
  author      = { Isidoro Gitler and 
                  Feli{\'{u}} Sagols },
  title       = {On terminal delta-wye reducibility of planar graphs},
  journal     = {Networks},
  volume      = {57},
  number      = {2},
  pages       = {174-186},
  doi         = {10.1002/net.20399}
}

@article{6316101, 
  author      = { Florian D{\"{o}}rfler and 
                  Francesco Bullo}, 
  journal     = {{IEEE} Transactions on Circuits and Systems {I}: {R}egular Papers}, 
  title       = {Kron Reduction of Graphs With Applications to Electrical Networks}, 
  year        = {2013}, 
  volume      = {60}, 
  number      = {1}, 
  pages       = {150--163}, 
  doi         = {10.1109/TCSI.2012.2215780}, 
  issn        = {1549-8328}
}

@article{Gru69,
  author      = { Branko Gr{\"u}nbaum and 
                  Geoffrey Colin Shephard},
  title       = {Convex Polytopes},
  journal     = {Bulletin of the London Mathematical Society},
  volume      = {1},
  number      = {3},
  pages       = {257--300},
  year        = {1969},
  doi         = {10.1112/blms/1.3.257}
}

@article{Ake60,
  author      = {Sheldon B. Akers},
  title       = {The Use of Wye-Delta Transformations in Network Simplification},
  journal     = {Operations Research},
  publisher   = {INFORMS},
  volume      = {8},
  number      = {3},
  doi         = {10.1287/opre.8.3.311},
  pages       = {311--323},
  year        = {1960}
}

@article{Bry77,
  author      = {Tom Brylawski},
  title       = {A determinantal identity for resistive networks},
  journal     = {{SIAM} Journal on Applied Mathematics},
  publisher   = {Society for Industrial and Applied Mathematics},
  volume      = {32},
  number      = {2},
  doi         = {10.1137/0132036},
  issn        = {0036-1399},
  pages       = {443--449},
  year        = {1977},
}

@article{Tra02,
  author      = {Lorenzo Traldi},
  title       = {A note on delta-wye-delta reductions of plane graphs},
  journal     = {Congressus Numerantium},
  volume      = {158},
  number      = {},
  pages       = {213--220},
  doi         = {},
  publisher   = {Winnipeg; Utilitas Mathematica; 1998},
  year        = {2002}
}

@article{Cha17,
  author      = { Hsien-Chih Chang and 
                  Jeff Erickson },
  title       = {Untangling Planar Curves},
  journal     = {Discrete {\&} Computational Geometry},
  year        = {2017},
  volume      = {58},
  number      = {4},
  pages       = {889--920},
  issn        = {1432-0444},
  doi         = {10.1007/s00454-017-9907-6}
}

@article{Feo85,
  author      = {Thomas A. Feo},
  title       = {Efficient reduction of planar networks for solving certain combinatorial problems},
  journal     = {University of California, Berkeley},
  year        = {1985},
  note        = {Working Paper},
}

@inproceedings{Val79,
  author      = { Jacobo Valdes     and 
                  Robert E. Tarjan  and 
                  Eugene L. Lawler},
  title       = {The Recognition of Series Parallel Digraphs},
  booktitle   = {Proceedings of the Eleventh Annual ACM Symposium on Theory of Computing},
  series      = {STOC},
  location    = {Atlanta, Georgia, USA},
  pages       = {1--12},
  numpages    = {12},
  doi         = {10.1145/800135.804393},
  acmid       = {804393},
  year        = {1979},
  publisher   = {ACM},
  address     = {New York, NY, USA},
} 

@article{Arn90,
  author      = { Stefan Arnborg        and 
                  Andrzej Proskurowski  and 
                  Derek G. Corneil},
  title       = {Forbidden minors characterization of partial 3-trees},
  journal     = {Discrete Mathematics},
  volume      = {80},
  number      = {1},
  issn        = {0012-365X},
  doi         = {10.1016/0012-365X(90)90292-P},
  publisher   = {Elsevier},
  pages       = {1--19},
  year        = {1990}
}

@article{Pol90,
  author      = { Themistocles Politof and 
                  Appaajosyula Satyanarayana},
  title       = {A linear-time algorithm to compute the reliability of planar cube-free networks},
  journal     = {{IEEE} Transactions on Reliability},
  publisher   = {IEEE},
  volume      = {39},
  number      = {5},
  pages       = {557--563},
  year        = {1990}
}

@article{el1990two,
  author      = { Ehab S. El-Mallah and 
                  Charles J. Colbourn},
  title       = {On two dual classes of planar graphs},
  journal     = {Discrete mathematics},
  volume      = {80},
  number      = {1},
  pages       = {21--40},
  year        = {1990},
  publisher   = {North-Holland}
}

@article{Lie73,
  author      = { Marinus C. van Lier and 
                  Ralph H. J. M. Otten},
  title       = {Planarization by Transformation},
  journal     = {{IEEE} Transactions on Circuit Theory},
  volume      = {20},
  number      = {2},
  doi         = {10.1109/TCT.1973.1083633},
  issn        = {0018-9324},
  pages       = {169--171},
  year        = {1973}
}

@article{Bed61,
  author      = {S. Bedrosian},
  title       = {Converse of the star-mesh transformation},
  journal     = {IRE Transactions on Circuit Theory},
  volume      = {8},
  number      = {4},
  publisher   = {IEEE},
  issn        = {0096-2007, 2331-3854},
  doi         = {10.1109/TCT.1961.1086832},
  pages       = {491--493},
  year        = {1961}
}

@article{Sat90,
  author      = { Appaajosyula Satyanarayana and 
                  L. Tung},
  title       = {A characterization of partial 3-trees},
  journal     = {Networks},
  volume      = {20},
  number      = {3},
  doi         = {10.1002/net.3230200304},
  pages       = {299--322},
  year        = {1990}
}

@article{Pro83,
  author      = { J. Scott Provan and 
                  Michael O. Ball},
  title       = {The Complexity of Counting Cuts and of Computing the Probability that a Graph is Connected},
  journal     = {SIAM Journal on Computing},
  volume      = {12},
  number      = {4},
  pages       = {777--788},
  year        = {1983},
  publisher   = {SIAM},
  doi         = {10.1137/0212053}
}

@article{Val79a,
  author      = {Leslie G. Valiant},
  title       = {The Complexity of Enumeration and Reliability Problems},
  journal     = {SIAM Journal on Computing},
  volume      = {8},
  number      = {3},
  publisher   = {SIAM},
  doi         = {10.1137/0208032},
  pages       = {410--421},
  year        = {1979}
}

@article{Ver05,
  author      = {Dirk Vertigan},
  title       = {The Computational Complexity of Tutte Invariants for Planar Graphs},
  journal     = {SIAM Journal on Computing},
  volume      = {35},
  number      = {3},
  doi         = {10.1137/S0097539704446797},
  pages       = {690--712},
  year        = {2005}
}

%--------------------------------------------------------------------
%PROCEEDINGS: IEEE Transactions on Power Systems
%--------------------------------------------------------------------

@article{7874194, 
  author      = {Shijia Zhao and 
                 Chanan Singh}, 
  title       = {Studying the Reliability Implications of Line Switching Operations}, 
  journal     = {{IEEE} Transactions on Power Systems}, 
  volume      = {32}, 
  number      = {6}, 
  issn        = {0885-8950},
  doi         = {10.1109/TPWRS.2017.2679541}, 
  pages       = {4614--4625}, 
  year        = {2017}
}

@article{7494647, 
  author      = {Yang Bai       and 
                 Haiwang Zhong  and 
                 Qing Xia       and 
                 Chongqing Kang}, 
  title       = {A Two-Level Approach to {AC} Optimal Transmission Switching With an Accelerating Technique}, 
  journal     = {{IEEE} Transactions on Power Systems}, 
  volume      = {32}, 
  number      = {2}, 
  issn        = {0885-8950},
  doi         = {10.1109/TPWRS.2016.2582214}, 
  pages       = {1616--1625}, 
  year        = {2017}
}

@article{7592475, 
  author      = {Xingpeng Li                    and 
                 Pranavamoorthy Balasubramanian and 
                 Mostafa Sahraei-Ardakani       and 
                 Mojdeh Abdi-Khorsand           and 
                 Kory W. Hedman                 and 
                 Robin Podmore}, 
  title       = {Real-Time Contingency Analysis With Corrective Transmission Switching}, 
  journal     = {{IEEE} Transactions on Power Systems}, 
  volume      = {32}, 
  number      = {4}, 
  issn        = {0885-8950},
  doi         = {10.1109/TPWRS.2016.2616903},
  pages       = {2604--2617}, 
  year        = {2017}
}

@article{7123682, 
  author      = {Zhifang Yang   and 
                 Haiwang Zhong  and 
                 Qing Xia       and 
                 Chongqing Kang}, 
  title       = {Optimal Transmission Switching With Short-Circuit Current Limitation Constraints}, 
  journal     = {{IEEE} Transactions on Power Systems}, 
  volume      = {31}, 
  number      = {2}, 
  issn        = {0885-8950},
  doi         = {10.1109/TPWRS.2015.2434961}, 
  pages       = {1278--1288}, 
  year        = {2016}
}

@article{7208901, 
  author      = {Mostafa Sahraei-Ardakani       and 
                 Xingpeng Li                    and 
                 Pranavamoorthy Balasubramanian and 
                 Kory W. Hedman                 and 
                 Mojdeh Abdi-Khorsand}, 
  title       = {Real-Time Contingency Analysis With Transmission Switching on Real Power System Data}, 
  journal     = {{IEEE} Transactions on Power Systems}, 
  volume      = {31}, 
  number      = {3}, 
  issn        = {0885-8950},
  doi         = {10.1109/TPWRS.2015.2465140},
  pages       = {2501--2502}, 
  year        = {2016}
}

@article{7155604, 
  author      = {Lei Wang and 
                 Hsiao-Dong Chiang}, 
  title       = {Toward Online Line Switching for Increasing Load Margins to Static Stability Limit}, 
  journal     = {{IEEE} Transactions on Power Systems}, 
  volume      = {31}, 
  number      = {3}, 
  issn        = {0885-8950},
  doi         = {10.1109/TPWRS.2015.2442265},
  pages       = {1744--1751}, 
  year        = {2016}
}

@article{7061522, 
  author      = {Pierre Henneaux and 
                 Daniel S. Kirschen}, 
  title       = {Probabilistic Security Analysis of Optimal Transmission Switching}, 
  journal     = {{IEEE} Transactions on Power Systems}, 
  volume      = {31}, 
  number      = {1}, 
  issn        = {0885-8950},
  doi         = {10.1109/TPWRS.2015.2409152},
  pages       = {508--517}, 
  year        = {2016}
}

@article{6878486, 
  author      = {Masood Jabarnejad  and 
                 Jianhui Wang       and 
                 Jorge Valenzuela}, 
  title       = {A Decomposition Approach for Solving Seasonal Transmission Switching}, 
  journal     = {{IEEE} Transactions on Power Systems}, 
  volume      = {30}, 
  number      = {3}, 
  issn        = {0885-8950},
  doi         = {10.1109/TPWRS.2014.2343944},
  pages       = {1203--1211}, 
  year        = {2015}
}

@article{6799266, 
  author      = {James Ostrowski  and 
                 Jianhui Wang     and 
                 Cong Liu},
  title       = {Transmission Switching With Connectivity-Ensuring Constraints},  
  journal     = {{IEEE} Transactions on Power Systems}, 
  volume      = {29}, 
  number      = {6}, 
  issn        = {0885-8950},
  doi         = {10.1109/TPWRS.2014.2315434}, 
  pages       = {2621--2627}, 
  year        = {2014}
}

@article{6646289, 
  author      = {Milad Soroush and 
                 J. David Fuller}, 
  title       = {Accuracies of Optimal Transmission Switching Heuristics Based on {DCOPF} and {ACOPF}}, 
  journal     = {{IEEE} Transactions on Power Systems}, 
  volume      = {29}, 
  number      = {2}, 
  issn        = {0885-8950},
  doi         = {10.1109/TPWRS.2013.2283542}, 
  pages       = {924--932}, 
  year        = {2014}
}

@article{6656013, 
  author      = {Chi Zhang and 
                 Jianhui Wang}, 
  title       = {Optimal Transmission Switching Considering Probabilistic Reliability}, 
  journal     = {{IEEE} Transactions on Power Systems}, 
  volume      = {29}, 
  number      = {2}, 
  issn        = {0885-8950},
  doi         = {10.1109/TPWRS.2013.2287999}, 
  pages       = {974--975}, 
  year        = {2014}
}

@article{6502760, 
  author      = {Long Zhao and 
                 Bo Zeng}, 
  title       = {Vulnerability Analysis of Power Grids With Line Switching}, 
  journal     = {{IEEE} Transactions on Power Systems},   
  volume      = {28}, 
  number      = {3}, 
  issn        = {0885-8950},
  doi         = {10.1109/TPWRS.2013.2256374},
  pages       = {2727--2736}, 
  year        = {2013}
}

@article{6253283, 
  author      = {Mojtaba Khanabadi  and 
                 Hassan Ghasemi     and 
                 Meysam Doostizadeh}, 
  title       = {Optimal Transmission Switching Considering Voltage Security and~{$N-1$} Contingency Analysis}, 
  journal     = {{IEEE} Transactions on Power Systems}, 
  volume      = {28}, 
  number      = {1}, 
  issn        = {0885-8950},
  doi         = {10.1109/TPWRS.2012.2207464}, 
  pages       = {542--550}, 
  year        = {2013}
}

@article{6169974, 
  author      = {James Ostrowski  and 
                 Jianhui Wang     and 
                 Cong Liu},
  title       = {Exploiting Symmetry in Transmission Lines for Transmission Switching},  
  journal     = {{IEEE} Transactions on Power Systems}, 
  volume      = {27}, 
  number      = {3}, 
  issn        = {0885-8950},
  doi         = {10.1109/TPWRS.2012.2187121}, 
  pages       = {1708--1709}, 
  year        = {2012}
}

@article{6164300, 
  author      = {J. David Fuller and 
                 Raynier Ramasra and 
                 Amanda Cha}, 
  title       = {Fast Heuristics for Transmission-Line Switching}, 
  journal     = {{IEEE} Transactions on Power Systems}, 
  volume      = {27}, 
  number      = {3}, 
  issn        = {0885-8950},
  doi         = {10.1109/TPWRS.2012.2186155}, 
  pages       = {1377--1386}, 
  year        = {2012}
}

@article{6191339, 
  author      = {Cong Liu     and 
                 Jianhui Wang and 
                 James Ostrowski},
  title       = {Heuristic Prescreening Switchable Branches in Optimal Transmission Switching},  
  journal     = {{IEEE} Transactions on Power Systems}, 
  volume      = {27}, 
  number      = {4}, 
  issn        = {0885-8950},
  doi         = {10.1109/TPWRS.2012.2193489},
  pages       = {2289--2290}, 
  year        = {2012}
}

@article{6155630, 
  author      = {Pablo A. Ruiz       and 
                 Justin M. Foster    and 
                 Aleksandr Rudkevich and 
                 Michael C. Caramanis}, 
  title       = {Tractable Transmission Topology Control Using Sensitivity Analysis}, 
  journal     = {{IEEE} Transactions on Power Systems}, 
  volume      = {27}, 
  number      = {3}, 
  issn        = {0885-8950},
  doi         = {10.1109/TPWRS.2012.2184777},
  pages       = {1550--1559}, 
  year        = {2012}
}

@article{6069831, 
  author      = {Clayton Barrows and 
                 Seth Blumsack}, 
  title       = {Transmission Switching in the RTS-96 Test System}, 
  journal     = {{IEEE} Transactions on Power Systems}, 
  volume      = {27}, 
  number      = {2}, 
  issn        = {0885-8950},
  doi         = {10.1109/TPWRS.2011.2170771}, 
  pages       = {1134--1135}, 
  year        = {2012}
}

%Emily Bartholomew Fisher
@article{5463055, 
  author      = {Kory W. Hedman     and 
                 Richard P. O'Neill and 
                 Emily B. Fisher    and 
                 Shmuel S. Oren}, 
  title       = {Smart Flexible Just-in-Time Transmission and Flowgate Bidding}, 
  journal     = {{IEEE} Transactions on Power Systems}, 
  volume      = {26}, 
  number      = {1}, 
  issn        = {0885-8950},
  doi         = {10.1109/TPWRS.2010.2047660}, 
  pages       = {93--102}, 
  year        = {2011}
}

%Ray Daniel Zimmerman, Carlos Edmundo Murillo-Sanchez, Robert John Thomas
@inproceedings{Zimmerman2009,
  author      = {Ray D. Zimmerman           and 
                 Carlos E. Murillo-Sanchez  and 
                 Robert J. Thomas},
  title       = {{MATPOWER}'s Extensible Optimal Power Flow Architecture},
  booktitle   = {{IEEE} Power \& Energy Society General Meeting},
  doi         = {10.1109/PES.2009.5275967},
  isbn        = {978-1-4244-4241-6},
  pages       = {1--7},
  publisher   = {IEEE},
  year        = {2009}
}

%Ray Daniel Zimmerman, Carlos Edmundo Murillo-Sanchez, Robert John Thomas
@article{Zimmerman2011a,
  author      = {Ray D. Zimmerman           and 
                 Carlos E. Murillo-Sanchez  and 
                 Robert J. Thomas},
  title       = {{MATPOWER}: Steady-State Operations, Planning, and Analysis Tools for Power Systems Research and Education},
  journal     = {{IEEE} Transactions on Power Systems},
  volume      = {26},
  number      = {1},
  issn        = {0885-8950},
  doi         = {10.1109/TPWRS.2010.2051168},
  pages       = {12--19},
  year        = {2011}
}

@article{5332239, 
  author      = {Andres Delgadillo  and 
                 Jos{\'e} M. Arroyo and 
                 Natalia Alguacil}, 
  title       = {Analysis of Electric Grid Interdiction With Line Switching}, 
  journal     = {{IEEE} Transactions on Power Systems}, 
  volume      = {25}, 
  number      = {2}, 
  issn        = {0885-8950},
  doi         = {10.1109/TPWRS.2009.2032232}, 
  pages       = {633--641}, 
  year        = {2010}
}

@article{5409537, 
  author      = {Amin Khodaei           and 
                 Mohammad Shahidehpour  and 
                 Saeed Kamalinia}, 
  title       = {Transmission Switching in Expansion Planning}, 
  journal     = {{IEEE} Transactions on Power Systems}, 
  volume      = {25}, 
  number      = {3}, 
  issn        = {0885-8950},
  doi         = {10.1109/TPWRS.2009.2039946}, 
  pages       = {1722--1733}, 
  year        = {2010}
}

%Emily Bartholomew Fisher
@article{5401077, 
  author      = {Kory W. Hedman     and 
                 Michael C. Ferris  and 
                 Richard P. O'Neill and 
                 Emily B. Fisher    and 
                 Shmuel S. Oren}, 
  title       = {Co-Optimization of Generation Unit Commitment and Transmission Switching With~{$N-1$} Reliability}, 
  journal     = {{IEEE} Transactions on Power Systems}, 
  volume      = {25}, 
  number      = {2}, 
  issn        = {0885-8950},
  doi         = {10.1109/TPWRS.2009.2037232}, 
  pages       = {1052--1063}, 
  year        = {2010}
}

@article{5460912, 
  author      = {Amin Khodaei and 
                 Mohammad Shahidehpour}, 
  title       = {Transmission Switching in Security-Constrained Unit Commitment}, 
  journal     = {{IEEE} Transactions on Power Systems}, 
  volume      = {25}, 
  number      = {4}, 
  issn        = {0885-8950},
  doi         = {10.1109/TPWRS.2010.2046344}, 
  pages       = {1937--1945}, 
  year        = {2010}
}

%Thi Thu Ha Pham
@article{4762177, 
  author      = {Thi T. H. Pham and 
                 Yvon Besanger  and 
                 Nouredine Hadjsaid}, 
  title       = {New Challenges in Power System Restoration With Large Scale of Dispersed Generation Insertion}, 
  journal     = {{IEEE} Transactions on Power Systems}, 
  volume      = {24}, 
  number      = {1}, 
  issn        = {0885-8950},
  doi         = {10.1109/TPWRS.2008.2009477}, 
  pages       = {398--406}, 
  year        = {2009}
}

%Emily Bartholomew Fisher
@article{4957010, 
  author      = {Kory W. Hedman     and 
                 Richard P. O'Neill and 
                 Emily B. Fisher    and 
                 Shmuel S. Oren}, 
  title       = {Optimal Transmission Switching With Contingency Analysis}, 
  journal     = {{IEEE} Transactions on Power Systems}, 
  volume      = {24}, 
  number      = {3}, 
  issn        = {0885-8950},
  doi         = {10.1109/TPWRS.2009.2020530},
  pages       = {1577--1586}, 
  year        = {2009}
}

%Emily Bartholomew Fisher
@article{Fis08, 
  author      = {Emily B. Fisher    and 
                 Richard P. O'Neill and 
                 Michael C. Ferris}, 
  title       = {Optimal Transmission Switching}, 
  journal     = {{IEEE} Transactions on Power Systems}, 
  volume      = {23}, 
  number      = {3}, 
  issn        = {0885-8950},
  doi         = {10.1109/TPWRS.2008.922256}, 
  pages       = {1346--1355}, 
  year        = {2008}
}

@article{4558426, 
  author      = {Kory W. Hedman     and 
                 Richard P. O'Neill and 
                 Emily B. Fisher    and 
                 Shmuel S. Oren}, 
  title       = {Optimal Transmission Switching: {S}ensitivity Analysis and Extensions}, 
  journal     = {{IEEE} Transactions on Power Systems}, 
  volume      = {23}, 
  number      = {3}, 
  doi         = {10.1109/TPWRS.2008.926411}, 
  issn        = {0885-8950},
  pages       = {1469--1479}, 
  year        = {2008}
}

@article{4349059, 
  author      = {Ross Baldick}, 
  title       = {Border Flow Rights and Contracts for Differences of Differences: {M}odels for Electric Transmission Property Rights}, 
  journal     = {{IEEE} Transactions on Power Systems}, 
  volume      = {22}, 
  number      = {4}, 
  issn        = {0885-8950},
  doi         = {10.1109/TPWRS.2007.907124}, 
  pages       = {1495--1506}, 
  year        = {2007}
}

@article{1525118, 
  author      = {Wei Shao and 
                 Vijay Vittal}, 
  title       = {Corrective Switching Algorithm for Relieving Overloads and Voltage Violations}, 
  journal     = {{IEEE} Transactions on Power Systems}, 
  volume      = {20}, 
  number      = {4}, 
  doi         = {10.1109/TPWRS.2005.857931}, 
  issn        = {0885-8950},
  pages       = {1877--1885}, 
  year        = {2005}
}

%William Stewart, Jr.
@article{1388507, 
  author      = {Richard P. O'Neill   and 
                 Ross Baldick         and 
                 Udi Helman           and 
                 Michael H. Rothkopf  and 
                 William Stewart}, 
  title       = {Dispatchable transmission in {RTO} markets}, 
  journal     = {{IEEE} Transactions on Power Systems}, 
  volume      = {20}, 
  number      = {1}, 
  issn        = {0885-8950},
  doi         = {10.1109/TPWRS.2004.841168}, 
  pages       = {171--179}, 
  year        = {2005}
}

%Silvio Binato, Mário Veiga F. Pereira, and Sérgio Granville
@article{Bin01a, 
  author      = {Silvio Binato            and 
                 M{\'a}rio V. F. Pereira  and 
                 S{\'e}rgio Granville}, 
  title       = {A new Benders decomposition approach to solve power transmission network design problems}, 
  journal     = {{IEEE} Transactions on Power Systems}, 
  volume      = {16}, 
  number      = {2}, 
  issn        = {0885-8950},
  doi         = {10.1109/59.918292}, 
  pages       = {235--240}, 
  year        = {2001}
}

@article{Bin01b, 
  author      = {Silvio Binato              and 
                 M{\'a}rio Veiga F. Pereira and 
                 S{\'e}rgio Granville}, 
  title       = {A New Benders Decomposition Approach to Solve Power Transmission Network Design Problems}, 
  journal     = {{IEEE} Power Engineering Review}, 
  volume      = {21}, 
  number      = {5}, 
  issn        = {0272-1724},
  doi         = {10.1109/MPER.2001.4311380}, 
  pages       = {62--62}, 
  year        = {2001}
}

@article{801953, 
  author      = {James A. Momoh     and 
                 Mahmoud Elfayoumy  and 
                 William Mittelstadt}, 
  title       = {Value-based reliability for short term operational planning}, 
  journal     = {{IEEE} Transactions on Power Systems}, 
  volume      = {14}, 
  number      = {4}, 
  issn        = {0885-8950},
  doi         = {10.1109/59.801953}, 
  pages       = {1533--1542}, 
  year        = {1999}, 
}

%Jacqueline G. Rolim, Luiz Jairo B. Machado
@article{744552, 
  author      = {Jacqueline G. Rolim and 
                 Luiz J. B. Machado}, 
  title       = {A study of the use of corrective switching in transmission systems}, 
  journal     = {{IEEE} Transactions on Power Systems}, 
  volume      = {14}, 
  number      = {1}, 
  issn        = {0885-8950},
  doi         = {10.1109/59.744552}, 
  pages       = {336--341}, 
  year        = {1999}
}

@article{744495, 
  author      = {Momoh, J.A. and El-Hawary, M.E. and Adapa, R.}, 
  title       = {A review of selected optimal power flow literature to 1993. {II.} {N}ewton, linear programming and interior point methods}, 
  journal     = {{IEEE} Transactions on Power Systems}, 
  volume      = {14}, 
  number      = {1}, 
  doi         = {10.1109/59.744495}, 
  issn        = {0885-8950},
  pages       = {105--111}, 
  year        = {1999}
}

@article{780914, 
  author      = {Cliff Grigg           and 
                 Peter Wong            and 
                 Paul Albrecht         and 
                 Ron Allan             and 
                 Murty Bhavaraju       and 
                 Roy Billinton         and 
                 Quan Chen             and 
                 Clement Fong          and 
                 Suheil Haddad         and 
                 Sastry Kuruganty      and 
                 Wenyuan Li            and 
                 Rana Mukerji          and 
                 Dee Patton            and 
                 Narayan Rau           and 
                 Dag Reppen            and 
                 Alex Schneider        and 
                 Mohammed Shahidehpour and 
                 Chanan Singh}, 
  title       = {The {IEEE} Reliability Test System-1996. {A} report prepared by the Reliability Test System Task Force of the Application of Probability Methods Subcommittee}, 
  journal     = {{IEEE} Transactions on Power Systems}, 
  volume      = {14}, 
  number      = {3}, 
  issn        = {0885-8950},
  doi         = {10.1109/59.780914},
  pages       = {1010--1020}, 
  year        = {1999}
}

@article{486127, 
  author      = {Joseph N. Wrubel   and 
                 Paul S. Rapcienski and 
                 Kuang-Li Lee       and 
                 Boris S. Gisin     and 
                 George W. Woodzell}, 
  title       = {Practical experience with corrective switching algorithm for on-line applications}, 
  journal     = {{IEEE} Transactions on Power Systems}, 
  volume      = {11}, 
  number      = {1}, 
  doi         = {10.1109/59.486127}, 
  issn        = {0885-8950},
  pages       = {415--421}, 
  year        = {1996}
}

@article{466500, 
  author      = {Jerry J. Ancona}, 
  title       = {A framework for power system restoration following a major power failure}, 
  journal     = {{IEEE} Transactions on Power Systems},   
  volume      = {10}, 
  number      = {3}, 
  issn        = {0885-8950},
  doi         = {10.1109/59.466500}, 
  pages       = {1480--1485}, 
  year        = {1995}
}

%?
%Mehrad Adibi and Peter Clelland and Lisbeth Nielsen Fink
@article{317561, 
  author      = {M. M. Adibi and 
                 Lester H. Fink}, 
  title       = {Power system restoration planning}, 
  journal     = {{IEEE} Transactions on Power Systems}, 
  volume      = {9}, 
  number      = {1}, 
  doi         = {10.1109/59.317561}, 
  issn        = {0885-8950},
  pages       = {22--28}, 
  year        = {1994}
}

@article{317588, 
  author      = {Rub{\'e}n Romero and 
                 Alcir Monticelli}, 
  title       = {A hierarchical decomposition approach for transmission network expansion planning}, 
  journal     = {{IEEE} Transactions on Power Systems}, 
  volume      = {9}, 
  number      = {1}, 
  issn        = {0885-8950},
  doi         = {10.1109/59.317588}, 
  pages       = {373--380}, 
  year        = {1994}
}

@article{76723, 
  author      = {Maurice Huneault and 
                 Francisco D. Galiana}, 
  title       = {A Survey of the Optimal Power Flow Literature}, 
  journal     = {{IEEE} Transactions on Power Systems}, 
  volume      = {6}, 
  number      = {2}, 
  issn        = {0885-8950},
  doi         = {10.1109/59.76723}, 
  pages       = {762--770}, 
  year        = {1991}
}

@article{Sch90, 
  author      = {Gilbert Schnyder and 
                 Hans Glavitsch}, 
  title       = {Security enhancement using an optimal switching power flow}, 
  journal     = {{IEEE} Transactions on Power Systems}, 
  volume      = {5}, 
  number      = {2}, 
  issn        = {0885-8950},
  doi         = {10.1109/59.54580}, 
  pages       = {674--681}, 
  year        = {1990}
}

@article{193839, 
  author      = {Elham B. Makram      and 
                 Katherine P. Thorton and 
                 Homer E. Brown}, 
  title       = {Selection of lines to be switched to eliminate overloaded lines using a {Z}-matrix method}, 
  journal     = {{IEEE} Transactions on Power Systems}, 
  volume      = {4}, 
  number      = {2}, 
  issn        = {0885-8950},
  doi         = {10.1109/59.193839}, 
  pages       = {653--661}, 
  year        = {1989}
}

@article{32621, 
  author      = {Yukio Kojima      and 
                 Shigeru Warashina and 
                 Masakazu Kato     and 
                 Hadime Watanabe}, 
  title       = {The development of power system restoration method for a bulk power system by applying knowledge engineering techniques}, 
  journal     = {{IEEE} Transactions on Power Systems}, 
  volume      = {4}, 
  number      = {3}, 
  issn        = {0885-8950},
  doi         = {10.1109/59.32621}, 
  pages       = {1228--1235}, 
  year        = {1989}
}

@article{192895, 
  author      = {Rainer Bacher and 
                 Hans Glavitsch}, 
  title       = {Loss reduction by network switching}, 
  journal     = {{IEEE} Transactions on Power Systems}, 
  volume      = {3}, 
  number      = {2}, 
  issn        = {0885-8950},
  doi         = {10.1109/59.192895}, 
  pages       = {447--454}, 
  year        = {1988}
}

@article{Sch88, 
  author      = {Gilbert Schnyder and 
                 Hans Glavitsch}, 
  title       = {Integrated security control using an optimal power flow and switching concepts}, 
  journal     = {{IEEE} Transactions on Power Systems}, 
  volume      = {3}, 
  number      = {2}, 
  issn        = {0885-8950},
  doi         = {10.1109/59.192935}, 
  pages       = {782--790}, 
  year        = {1988}
}

@article{4335192, 
  author      = {Anastasios G. Bakirtzis and 
                 Athanasios P. Sakis Meliopoulos}, 
  title       = {Incorporation of Switching Operations in Power System Corrective Control Computations}, 
  journal     = {{IEEE} Transactions on Power Systems}, 
  volume      = {2}, 
  number      = {3}, 
  issn        = {0885-8950},
  doi         = {10.1109/TPWRS.1987.4335192}, 
  pages       = {669--675}, 
  year        = {1987}
}

%Lisbeth Nielsen Fink, Danielle Bowen Scheurer
@article{4335118, 
  author      = {Mehrad Adibi         and 
                 Peter Clelland       and 
                 Lisbeth N. Fink      and 
                 Harvey H. Happ       and 
                 Rene Kafka           and 
                 Jason C. Raine       and 
                 Danielle B. Scheurer and 
                 Floyd Trefny}, 
  title       = {Power System Restoration - A Task Force Report}, 
  journal     = {{IEEE} Transactions on Power Systems}, 
  volume      = {2}, 
  number      = {2}, 
  issn        = {0885-8950},
  doi         = {10.1109/TPWRS.1987.4335118},
  pages       = {271--277}, 
  year        = {1987}
}

%Abdulhalem Abdulaziz Mazi
%https://www.semanticscholar.org/paper/Corrective-Control-of-Power-System-Flows-by-Line-Mazi-Wollenberg/46264365acc3acea1948fd78ccf20f05bac1f0c0
@article{4334990, 
  author      = {Abdulhalem A. Mazi  and 
                 Bruce F. Wollenberg and 
                 Morten H. Hesse}, 
  title       = {Corrective Control of Power System Flows by Line and Bus-Bar Switching}, 
  journal     = {{IEEE} Transactions on Power Systems}, 
  volume      = {1}, 
  number      = {3}, 
  issn        = {0885-8950},
  doi         = {10.1109/TPWRS.1986.4334990}, 
  pages       = {258--264}, 
  year        = {1986}
}

@article{4335024, 
  author      = {Rainer Bacher and 
                 Hans Glavitsch}, 
  title       = {Network Topology Optimization with Security Constraints}, 
  journal     = {{IEEE} Transactions on Power Systems}, 
  volume      = {1}, 
  number      = {4}, 
  doi         = {10.1109/TPWRS.1986.4335024}, 
  issn        = {0885-8950},
  pages       = {103--111}, 
  year        = {1986}
}

@article{Leh16, 
  author      = {Karsten Lehmann and 
                 Alban Grastien  and 
                 Pascal Van Hentenryck}, 
  title       = {{AC}-Feasibility on Tree Networks is {NP}-Hard}, 
  journal     = {{IEEE} Transactions on Power Systems}, 
  volume      = {31}, 
  number      = {1}, 
  doi         = {10.1109/TPWRS.2015.2407363}, 
  issn        = {0885-8950},
  pages       = {798--801}, 
  year        = {2016}
}

@article{sja-dcpfr-09, 
  author      = {Brian Stott   and 
                 Jorge Jardim  and 
                 Ongun Alsa{\cc}}, 
  title       = {{DC} Power Flow Revisited},  
  journal     = {{IEEE} Transactions on Power Systems}, 
  volume      = {24}, 
  number      = {3}, 
  doi         = {10.1109/TPWRS.2009.2021235},
  pages       = {1290--1300}, 
  year        = {2009}
}

@article{bogr-rovfi-11, 
  author      = {Gerardo Blanco       and 
                 Fernando Olsina      and 
                 Francisco Garc{\'e}s and 
                 Christian Rehtanz}, 
  title       = {Real Option Valuation of {FACTS} Investments Based on the Least Square Monte Carlo Method}, 
  journal     = {{IEEE} Transactions on Power Systems}, 
  volume      = {26}, 
  number      = {3}, 
  doi         = {10.1109/TPWRS.2010.2094211},
  pages       = {1389--1398}, 
  year        = {2011}, 
}

@article{gcg-olmtf-01, 
  author      = {St{\'e}phane Gerbex  and 
                 Rachid Cherkaoui     and 
                 Alain J. Germond}, 
  title       = {Optimal location of multi-type {FACTS} devices in a power system by means of genetic algorithms}, 
  journal     = {{IEEE} Transactions on Power Systems}, 
  volume      = {16}, 
  number      = {3}, 
  doi         = {10.1109/59.932292},
  pages       = {537--544},
  year        = {2001}
}

@article{lgkm-psp-03, 
  author      = {Flavio Guilherme de Melo Lima  and 
                 Francisco D. Galiana           and 
                 Ivana Kockar                   and 
                 Jorge Munoz}, 
  title       = {Phase shifter placement in large-scale systems via mixed integer linear programming}, 
  journal     = {{IEEE} Transactions on Power Systems}, 
  volume      = {18}, 
  number      = {3}, 
  doi         = {10.1109/TPWRS.2003.814858},
  pages       = {1029--1034}, 
  year        = {2003}
}

@article{Huneault1991,
  author      = {Maurice Huneault and 
                 Francisco D. Galiana},
  title       = {A survey of the optimal power flow literature},
  journal     = {{IEEE} Transactions on Power Systems},
  volume      = {6},
  number      = {2},
  doi         = {10.1109/59.76723},
  issn        = {08858950},
  pages       = {762--770},
  year        = {1991}
}

@article{6507352, 
  author      = {Masoud Farivar and 
                 Steven H. Low}, 
  title       = {Branch Flow Model: {R}elaxations and Convexification -- {P}art {II}}, 
  journal     = {{IEEE} Transactions on Power Systems}, 
  volume      = {28}, 
  number      = {3}, 
  doi         = {10.1109/TPWRS.2013.2255318}, 
  issn        = {0885-8950},
  pages       = {2565--2572}, 
  year        = {2013}
}

@article{630480, 
  author      = {V. C. Ramesh and 
                 X. Li}, 
  title       = {A Fuzzy Multiobjective Approach to Contingency Constrained {OPF}}, 
  journal     = {{IEEE} Transactions on Power Systems}, 
  volume      = {12}, 
  number      = {3}, 
  doi         = {10.1109/59.630480}, 
  issn        = {0885-8950},
  pages       = {1348--1354}, 
  year        = {1997}
}

%--------------------------------------------------------------------
%PROCEEDINGS: IEEE Transactions on Power Apparatus and Systems
%--------------------------------------------------------------------

@article{4072854, 
  author      = {James R. Tudor and 
                 William A. Lewis}, 
  title       = {Transmission Losses and Economy Loading by the Use of Admittance Constants}, 
  journal     = {{IEEE} Transactions on Power Apparatus and Systems}, 
  volume      = {82}, 
  number      = {68}, 
  doi         = {10.1109/TPAS.1963.291384}, 
  issn        = {0018-9510},
  pages       = {676--683}, 
  year        = {1963}
}

@article{Tin67, 
  author      = {W. F. {Tinney} and C. E. {Hart}}, 
  title       = {Power Flow Solution by Newton's Method}, 
  journal     = {{IEEE} Transactions on Power Apparatus and Systems}, 
  volume      = {PAS-86}, 
  number      = {11}, 
  doi         = {10.1109/TPAS.1967.291823}, 
  issn        = {0018-9510}, 
  pages       = {1449--1460}, 
  year        = {1967}
}

%?
@article{4074022, 
  author      = {Fred C. Schweppe and 
                 J. Wildes}, 
  title       = {Power System Static-State Estimation, Part {I}: {E}xact Model}, 
  journal     = {{IEEE} Transactions on Power Apparatus and Systems}, 
  volume      = {PAS-89}, 
  number      = {1}, 
  issn        = {0018-9510},
  doi         = {10.1109/TPAS.1970.292678},
  pages       = {120--125}, 
  year        = {1970}
}

@article{4074023, 
  author      = {Fred C. Schweppe and 
                 Douglas B. Rom}, 
  title       = {Power System Static-State Estimation, Part {II}: {A}pproximate Model}, 
  journal     = {{IEEE} Transactions on Power Apparatus and Systems},   
  volume      = {PAS-89}, 
  number      = {1},   
  issn        = {0018-9510},
  doi         = {10.1109/TPAS.1970.292679}, 
  pages       = {125--130}, 
  year        = {1970}
}

@article{4074024, 
  author      = {Fred C. Schweppe}, 
  title       = {Power System Static-State Estimation, Part {III}: {I}mplementation}, 
  journal     = {{IEEE} Transactions on Power Apparatus and Systems}, 
  volume      = {PAS-89}, 
  number      = {1}, 
  issn        = {0018-9510},
  doi         = {10.1109/TPAS.1970.292680},
  pages       = {130--135}, 
  year        = {1970}
}

%? Working Group
%Harry W. Colborn (Allegheny Power Service Corp., Greensburg, Pa) 
%https://www.newspapers.com/newspage/63313732/
@article{4075293, 
  author      = {H. E. Pierce     and
                Harry W. Colborn  and
                D. W. Coleman     and
                E. A. Marriage    and
                J. C. Richard     and
                L. J. Rindt       and
                L. J. Rubino      and 
                G. W. Stagg       and
                T. P. Traub       and
                J. Vandergrift    and
                C. E. Winn        and
                C. C. Young}, 
  title       = {Common Format For Exchange of Solved Load Flow Data}, 
  journal     = {{IEEE} Transactions on Power Apparatus and Systems}, 
  volume      = {PAS-92}, 
  number      = {6}, 
  issn        = {0018-9510},
  doi         = {10.1109/TPAS.1973.293571}, 
  pages       = {1916--1925}, 
  year        = {1973}
}

@article{4075427, 
  author      = {Harvey. H. Happ}, 
  title       = {Optimal Power Dispatch}, 
  journal     = {{IEEE} Transactions on Power Apparatus and Systems}, 
  volume      = {PAS-93}, 
  number      = {3}, 
  doi         = {10.1109/TPAS.1974.293981}, 
  issn        = {0018-9510},
  pages       = {820--830}, 
  year        = {1974}
}

@article{4075418, 
  author      = {Ongun Alsa{\cc} and 
                 Brian Stott}, 
  title       = {Optimal Load Flow with Steady-State Security}, 
  journal     = {{IEEE} Transactions on Power Apparatus and Systems}, 
  volume      = {PAS-93}, 
  number      = {3},  
  issn        = {0018-9510},
  doi         = {10.1109/TPAS.1974.293972}, 
  pages       = {745--751},
  year        = {1974}
}

%Billie Eugene Biggerstaff, G. Elsoe Jorgensen
%http://docshare.tips/2002_58838496b6d87f4b298b481b.html
%http://ieeexplore.ieee.org/stamp/stamp.jsp?tp=&arnumber=4074978
%https://www.osti.gov/servlets/purl/6882225/
@article{4113721, 
  author      = {Paul F. Albrecht      and 
                 Murty P. Bhavaraju    and 
                 Billie E. Biggerstaff and 
                 Roy Billinton         and 
                 Gunnar E. Jorgensen   and 
                 Norbjorn D. Reppen    and 
                 Paul B. Shortley}, 
  title       = {{IEEE} Reliability Test System}, 
  journal     = {{IEEE} Transactions on Power Apparatus and Systems}, 
  volume      = {PAS-98}, 
  number      = {6}, 
  doi         = {10.1109/TPAS.1979.319398}, 
  issn        = {0018-9510},
  pages       = {2047--2054},
  year        = {1979}
}

%Sigmar Maurer Deckmann, Alcir José Monticelli
@article{Dec80a, 
  author      = {Sigmar M. Deckmann   and 
                 A. Pizzolante        and 
                 Alcir J. Monticelli  and 
                 Brian Stott          and 
                 Ongun Alsa{\cc}}, 
  title       = {Numerical Testing of Power System Load Flow Equivalents},  
  journal     = {{IEEE} Transactions on Power Apparatus and Systems}, 
  volume      = {PAS-99}, 
  number      = {6}, 
  doi         = {10.1109/TPAS.1980.319797}, 
  issn        = {0018-9510}, 
  pages       = {2292--2300}, 
  year        = {1980}
}

@article{Dec80b,
  author      = {Sigmar M. Deckmann   and 
                 A. Pizzolante        and 
                 Alcir J. Monticelli  and 
                 Brian Stott          and 
                 Ongun Alsa{\cc}},
  title       = {Studies on Power System Load Flow Equivalencing},
  journal     = {{IEEE} Transactions on Power Apparatus and Systems}, 
  volume      = {PAS-99}, 
  number      = {6},
  doi         = {10.1109/TPAS.1980.319798}, 
  issn        = {0018-9510}, 
  pages       = {2301--2310}, 
  year        = {1980}
}

@article{4110994, 
  author      = {K. R. C. Mamandur and 
                 Robert D. Chenoweth}, 
  title       = {Optimal Control of Reactive Power flow for Improvements in Voltage Profiles and for Real Power Loss Minimization}, 
  journal     = {{IEEE} Transactions on Power Apparatus and Systems}, 
  volume      = {PAS-100}, 
  number      = {7}, 
  doi         = {10.1109/TPAS.1981.316646}, 
  issn        = {0018-9510},
  pages       = {3185--3194}, 
  year        = {1981}
}

%--------------------------------------------------------------------
%PROCEEDINGS: International Journal of Electrical Power & Energy Systems
%--------------------------------------------------------------------

%Mahmoud Reza Haghifam
@article{AAZAMI2015408,
  author      = {Rahmat Aazami        and 
                 Mahmoud R. Haghifam  and 
                 Farzad Soltanian     and 
                 Masoud Moradkhani},
  title       = {A comprehensive strategy for transmission switching action in simultaneous clearing of energy and spinning reserve markets},
  journal     = {International Journal of Electrical Power \& Energy Systems},
  volume      = {64},
  number      = {Supplement C},
  issn        = {0142-0615},
  doi         = {10.1016/j.ijepes.2014.07.032},
  pages       = {408--418},
  year        = {2015}
}

@article{HAGHIGHAT2015104,
  author      = {Hossein Haghighat},
  title       = {Loading margin calculation with line switching: {A} decomposition method},
  journal     = {International Journal of Electrical Power \& Energy Systems},
  volume      = {64},
  number      = {Supplement C},
  issn        = {0142-0615},
  doi         = {10.1016/j.ijepes.2014.07.019},
  pages       = {104--111},
  year        = {2015}
}

@article{COFFRIN2015144,
  author      = {Carleton Coffrin and 
                 Pascal Van Hentenryck},
  title       = {Transmission system restoration with co-optimization of repairs, load pickups, and generation dispatch},
  journal     = {International Journal of Electrical Power \& Energy Systems},
  volume      = {72},
  number      = {Supplement C},
  issn        = {0142-0615},
  doi         = {10.1016/j.ijepes.2015.02.027},
  pages       = {144--154},
  year        = {2015},
  note        = {The Special Issue for 18th Power Systems Computation Conference}
}

@article{SIKIRU2014855,
  author      = {Tajudeen H. Sikiru and 
                 Adisa A. Jimoh     and 
                 Yskandar Hamam     and 
                 Yasser Alayli      and 
                 John T.Agee},
  title       = {Transmission dispatch for loss minimisation using linearised power flow equations in mixed integer programming},
  journal     = {International Journal of Electrical Power \& Energy Systems},
  volume      = {62},
  number      = {Supplement C},
  issn        = {0142-0615},
  doi         = {10.1016/j.ijepes.2014.05.043},
  pages       = {855--861},
  year        = {2014}
}

@article{GOYA201221,
  author      = {Tomonori Goya    and 
                 Tomonobu Senjyu  and 
                 Atsushi Yona     and 
                 Naomitsu Urasaki and 
                 Toshihisa Funabashi},
  title       = {Optimal operation of thermal unit in smart grid considering transmission constraint},
  journal     = {International Journal of Electrical Power \& Energy Systems},
  volume      = {40},
  number      = {1},
  issn        = {0142-0615},
  doi         = {10.1016/j.ijepes.2012.02.001},
  pages       = {21--28},
  year        = {2012}
}

%Rahmat Aazami, Kaveh Aflaki, Mahmoud Reza Haghifam
@article{AAZAMI20111125,
  author      = {Rahmat Aazami  and 
                 Kaveh Aflaki   and 
                 Mahmoud R. Haghifam},
  title       = {A demand response based solution for {LMP} management in power markets},
  journal     = {International Journal of Electrical Power \& Energy Systems},
  volume      = {33},
  number      = {5},
  issn        = {0142-0615},
  doi         = {10.1016/j.ijepes.2010.12.018},
  pages       = {1125--1132},
  year        = {2011}
}

@article{GLAVITSCH198592,
  author      = {Hans Glavitsch},
  title       = {Switching as means of control in the power system},
  journal     = {International Journal of Electrical Power \& Energy Systems},
  volume      = {7},
  number      = {2},
  issn        = {0142-0615},
  doi         = {10.1016/0142-0615(85)90014-6},
  pages       = {92--100},
  year        = {1985}
}

%--------------------------------------------------------------------
%PROCEEDINGS: IEEE PES General Meeting
%--------------------------------------------------------------------

@inproceedings{6938949, 
  author      = {Zhifang Yang   and 
                 Haiwang Zhong  and 
                 Qing Xia}, 
  title       = {Optimal transmission switching based on auxiliary induce function}, 
  booktitle   = {{IEEE} Power and Energy Society General Meeting | Conference Exposition}, 
  series      = {PESGM},
  volume      = {}, 
  number      = {}, 
  issn        = {1932-5517},
  doi         = {10.1109/PESGM.2014.6938949}, 
  pages       = {1--5}, 
  year        = {2014}
}

@inproceedings{6939776, 
  author      = {Mostafa Sahraei-Ardakani and 
                 Akshay Korad             and 
                 Kory W. Hedman           and 
                 Paula Lipka              and 
                 Shmuel Oren}, 
  title       = {Performance of {AC} and {DC} based transmission switching heuristics on a large-scale polish system}, 
  booktitle   = {{IEEE} Power and Energy Society General Meeting | Conference Exposition}, 
  series      = {PESGM},
  volume      = {}, 
  number      = {}, 
  isbn        = {978-1-4799-6415-4},
  issn        = {1932-5517},
  doi         = {10.1109/PESGM.2014.6939776},
  pages       = {1--5}, 
  year        = {2014}
}

@inproceedings{6939876, 
  author      = {Clayton Barrows and 
                 Seth Blumsack   and 
                 Paul Hines}, 
  title       = {Correcting Optimal Transmission Switching for {AC} power flows}, 
  booktitle   = {{IEEE} Power and Energy Society General Meeting | Conference Exposition}, 
  series      = {PESGM},
  volume      = {}, 
  number      = {}, 
  issn        = {1932-5517},
  doi         = {10.1109/PESGM.2014.6939876},
  pages       = {1--5}, 
  year        = {2014}
}

%Kory W. Hedman, Richard P. O'Neill, Emily Bartholomew Fisher, Shmuel S. Oren
@inproceedings{5589437, 
  author      = {Kory W. Hedman     and 
                 Richard P. O'Neill and 
                 Emily B. Fisher    and 
                 Shmuel S. Oren}, 
  title       = {Optimal transmission switching with contingency analysis}, 
  booktitle   = {{IEEE} Power and Energy Society General Meeting}, 
  series      = {PESGM},
  volume      = {}, 
  number      = {}, 
  ISSN        = {1932-5517},
  doi         = {10.1109/PES.2010.5589437},
  pages       = {1--1}, 
  year        = {2010}
}

@inproceedings{5589973, 
  author      = {Fangxing Li and 
                 Rui Bo}, 
  title       = {Small test systems for power system economic studies}, 
  booktitle   = {{IEEE} Power and Energy Society General Meeting}, 
  series      = {PESGM},
  volume      = {}, 
  number      = {}, 
  issn        = {1932-5517},
  doi         = {10.1109/PES.2010.5589973}, 
  pages       = {1--4}, 
  year        = {2010}
}

%--------------------------------------------------------------------
%PROCEEDINGS: IEEE Power and Energy Society General Meeting (PESGM)
%--------------------------------------------------------------------

@inproceedings{Hed11, 
  author      = {Kory W. Hedman and 
                 Shmuel S. Oren and 
                 Richard P. O'Neill}, 
  title       = {A review of transmission switching and network topology optimization}, 
  booktitle   = {{IEEE} Power and Energy Society General Meeting}, 
  series      = {PESGM},
  volume      = {}, 
  number      = {}, 
  issn        = {1932-5517},
  doi         = {10.1109/PES.2011.6039857}, 
  pages       = {1--7}, 
  year        = {2011}
}

@inproceedings{6039831, 
  author      = {Kwok W. Cheung}, 
  title       = {Economic evaluation of transmission outages and switching for market and system operations}, 
  booktitle   = {{IEEE} Power and Energy Society General Meeting}, 
  series      = {PESGM},
  volume      = {}, 
  number      = {}, 
  issn        = {1932-5517},
  doi         = {10.1109/PES.2011.6039831}, 
  pages       = {1--6}, 
  year        = {2011}
}

@inproceedings{6345550, 
  author      = {Clayton Barrows and 
                 Seth Blumsack   and 
                 Russell Bent}, 
  title       = {Computationally efficient optimal Transmission Switching: Solution space reduction}, 
  booktitle   = {{IEEE} Power and Energy Society General Meeting}, 
  series      = {PESGM},
  volume      = {}, 
  number      = {}, 
  doi         = {10.1109/PESGM.2012.6345550}, 
  issn        = {1932-5517},
  pages       = {1--8}, 
  year        = {2012}
}

@inproceedings{7741130, 
  author      = {Li-Rui Hou and 
                 Hsiao-Dong Chiang}, 
  title       = {Toward online line switching method for reducing transmission loss in power systems}, 
  booktitle   = {{IEEE} Power and Energy Society General Meeting}, 
  series      = {PESGM},
  volume      = {}, 
  number      = {}, 
  issn        = {},
  doi         = {10.1109/PESGM.2016.7741130},
  pages       = {1--5}, 
  year        = {2016}
}

%Tanvi Potluri
@inproceedings{Pot12, 
  author      = {Tanvi Potluri and 
                 Kory W. Hedman}, 
  title       = {Impacts of topology control on the {ACOPF}}, 
  booktitle   = {{IEEE} Power and Energy Society General Meeting}, 
  series      = {PESGM},
  volume      = {}, 
  number      = {}, 
  issn        = {1932-5517},
  doi         = {10.1109/PESGM.2012.6345676}, 
  pages       = {1--7}, 
  year        = {2012}
}

@inproceedings{6039669, 
  author      = {Clayton Barrows and 
                 Seth Blumsack}, 
  title       = {Optimal transmission switching analysis and marginal switching results}, 
  booktitle   = {{IEEE} Power and Energy Society General Meeting}, 
  series      = {PESGM},
  volume      = {}, 
  number      = {}, 
  issn        = {1932-5517},
  doi         = {10.1109/PES.2011.6039669},
  pages       = {1--3}, 
  year        = {2011}
}

%--------------------------------------------------------------------
%PROCEEDINGS: Electric Power Systems Research
%--------------------------------------------------------------------

%Yaser Tohidi, Mohammad Reza Hesamzadeh, Ross Baldick, Darryl R. Biggar
@article{TOHIDI201771,
  author      = {Yaser Tohidi           and 
                 Mohammad R. Hesamzadeh and 
                 Ross Baldick           and 
                 Darryl R. Biggar},
  title       = {Transmission network switching for reducing market power cost in generation sector: {A} Nash-equilibrium approach},
  journal     = {Electric Power Systems Research},
  volume      = {146},
  number      = {Supplement C},
  issn        = {0378-7796},
  doi         = {10.1016/j.epsr.2016.12.031},
  pages       = {71--79},
  year        = {2017}
}

@article{Gra06,
  author      = {Gianpietro Granelli  and 
                 Mario Montagna       and 
                 Fabio Zanellini      and 
                 Paola Bresesti       and 
                 Riccardo Vailati     and 
                 Mario Innorta},
  title       = {Optimal Network Reconfiguration for Congestion Management by Deterministic and Genetic Algorithms},
  journal     = {Electric Power Systems Research},
  volume      = {76},
  number      = {6–7},
  issn        = {0378-7796},
  doi         = {10.1016/j.epsr.2005.09.014},
  pages       = {549--556},
  year        = {2006}
}

%Seyedamirabbas Mousavian, Jorge Valenzuela, Jianhui Wang
@article{MOUSAVIAN2015492,
  author      = {Seyedamirabbas Mousavian and 
                 Jorge Valenzuela         and 
                 Jianhui Wang},
  title       = {A two-phase investment model for optimal allocation of phasor measurement units considering transmission switching},
  journal     = {Electric Power Systems Research},
  volume      = {119},
  number      = {Supplement C},
  pages       = {492--498},
  year        = {2015},
  issn        = {0378-7796},
  doi         = {10.1016/j.epsr.2014.10.025},
}

@article{AYALA2014133,
  author      = {Gustavo Ayala and 
                 Alexandre Street},
  title       = {Energy and reserve scheduling with post-contingency transmission switching},
  journal     = {Electric Power Systems Research},
  volume      = {111},
  number      = {Supplement C},
  issn        = {0378-7796},
  doi         = {10.1016/j.epsr.2014.02.014},
  pages       = {133--140},
  year        = {2014}
}

@article{Capitanescu2013276,
  author      = {Florin Capitanescu and 
                 Louis Wehenkel},
  title       = {Experiments with the interior-point method for solving large scale Optimal Power Flow problems},
  journal     = {Electric Power Systems Research},
  volume      = {95},
  number      = {0},
  issn        = {0378-7796},
  doi         = {10.1016/j.epsr.2012.10.001},
  pages       = {276--283},
  year        = {2013}
}

%--------------------------------------------------------------------
%PROCEEDINGS: Energy Systems
%--------------------------------------------------------------------

%Oleg Aleksandrovich Shirokikh and Alexey Sorokin and Vladimir Boginski
@article{Shirokikh2013,
  author      = {Oleg A. Shirokikh  and 
                 Alexey Sorokin     and 
                 Vladimir Boginski},
  title       = {A note on transmission switching in electric grids with uncertain line failures},
  journal     = {Energy Systems},
  volume      = {4},
  number      = {4},
  issn        = {1868-3975},
  doi         = {10.1007/s12667-013-0087-z},
  pages       = {419--430},
  year        = {2013}
}

@article{SurveyOPF1,
  author      = {Stephen Frank       and 
                 Ingrida Steponavice and 
                 Steffen Rebennack},
  title       = {Optimal Power Flow: {A} Bibliographic Survey {I}},
  journal     = {Energy Systems},
  publisher   = {Springer-Verlag},  
  volume      = {3},
  number      = {3},
  issn        = {1868-3967},
  doi         = {10.1007/s12667-012-0056-y},
  pages       = {221--258},
  year        = {2012}
}

@article{SurveyOPF2,
  author      = {Stephen Frank       and 
                 Ingrida Steponavice and 
                 Steffen Rebennack}, 
  title       = {Optimal Power Flow: {A} Bibliographic Survey {II}},
  journal     = {Energy Systems},
  publisher   = {Springer-Verlag},
  volume      = {3},
  number      = {3},
  issn        = {1868-3967},
  doi         = {10.1007/s12667-012-0057-x},
  pages       = {259--289},
  year        = {2012}
}

%Richard P. O'Neill, Kory W. Hedman, Eric A. Krall, Anthony Papavasiliou, Shmuel S. Oren
@article{ONeill2010,
  author      = {Richard P. O'Neill   and 
                 Kory W. Hedman       and 
                 Eric A. Krall        and 
                 Anthony Papavasiliou and 
                 Shmuel S. Oren},
  title       = {Economic analysis of the~{$N-1$} reliable unit commitment and transmission switching problem using duality concepts},
  journal     = {Energy Systems},
  volume      = {1},
  number      = {2},
  issn        = {1868-3975},
  doi         = {10.1007/s12667-009-0005-6},
  pages       = {165--195},
  year        = {2010}
}

%--------------------------------------------------------------------
%PROCEEDINGS: Power Systems Computation Conference
%--------------------------------------------------------------------

%Olli Mäkelä, Joseph Warrington, Manfred Morari, Göran Andersson
@inproceedings{7038447, 
  author      = {Olli M\"{a}kel\"{a}  and 
                 Joseph Warrington    and 
                 Manfred Morari       and 
                 G\"{o}ran Andersson}, 
  title       = {Optimal transmission line switching for large-scale power systems using the Alternating Direction Method of Multipliers}, 
  booktitle   = {Proceedings of the 18th Power Systems Computation Conference}, 
  series      = {PSCC},
  volume      = {}, 
  number      = {}, 
  issn        = {},
  doi         = {10.1109/PSCC.2014.7038447},
  pages       = {1--6}, 
  year        = {2014}
}

@inproceedings{7038445, 
  author      = {Florin Capitanescu and 
                 Louis Wehenkel}, 
  title       = {An {AC} {OPF}-based heuristic algorithm for optimal transmission switching}, 
  booktitle   = {Proceedings of the 18th Power Systems Computation Conference}, 
  series      = {PSCC},
  volume      = {}, 
  number      = {}, 
  issn        = {},
  doi         = {10.1109/PSCC.2014.7038445}, 
  pages       = {1--6}, 
  year        = {2014}
}

@inproceedings{Cof14a, 
  author      = {Carleton Coffrin and 
                 Hassan L. Hijazi and 
                 Karsten Lehmann  and 
                 Pascal Van Hentenryck}, 
  title       = {Primal and dual bounds for Optimal Transmission Switching}, 
  booktitle   = {Proceedings of the 18th Power Systems Computation Conference}, 
  series      = {PSCC},
  volume      = {}, 
  number      = {}, 
  issn        = {},
  doi         = {10.1109/PSCC.2014.7038446},
  pages       = {1--8}, 
  year        = {2014}
}

@inproceedings{van2011vehicle,
  author      = {Pascal Van Hentenryck  and 
                 Carleton Coffrin       and 
                 Russell Bent},
  title       = {Vehicle routing for the last mile of power system restoration},
  booktitle   = {Proceedings of the 17th Power Systems Computation Conference},
  series      = {PSCC},
  volume      = {}, 
  number      = {}, 
  issn        = {},
  doi         = {},
  pages       = {}, 
  year        = {2011}
}

@inproceedings{julieGriffin, 
  author      = {Julie Griffin          and 
                 Djordje R. Atanackovic and 
                 Francisco D. Galiana}, 
  title       = {A study of the impact of flexible {AC} transmission system devices on the economic-secure operation of power systems}, 
  booktitle   = {Proceedings of the 12th Power Systems Computation Conference}, 
  series      = {PSCC},
  volume      = {}, 
  number      = {}, 
  issn        = {},
  doi         = {},
  pages       = {1077--1082},
  year        = {1996}
}

%?
@inproceedings{silva1993switching,
  author      = {Freitas e Silva, J. O. and 
                 Machado, L. J. B.},
  title       = {Switching Lines Selection to Integrate the Network Optimization with the Ususal Overload Control Actions of Electric Power Systems},
  booktitle   = {Proceedings of the 11th Power Systems Computation Conference},
  series      = {PSCC},
  volume      = {}, 
  number      = {}, 
  issn        = {},
  doi         = {},
  pages       = {233--239},
  year        = {1993}
}

%?
@inproceedings{gorenstin1987framework,
  author      = {Gorenstin, B. G.   and 
                 Terry, L. A.       and 
                 Pereira, M. V. F.  and 
                 Pinto, L. M. V. G.},
  title       = {A framework for integration of network topology optimization and generation rescheduling in power system security applications},
  booktitle   = {Proceedings of the 9th Power Systems Computation Conference},
  series      = {PSCC},
  volume      = {}, 
  number      = {},
  isbn        = {1483101053}, 
  issn        = {},
  doi         = {},
  pages       = {124--130},
  year        = {1987}
}

%?
@inproceedings{dodu1981search,
  author      = {Jean Claude Dodu     and 
                 Andr{\'e} S. Merlin  and 
                 David, J. M.},
  title       = {On the search of optimal switching configurations in power transmission systems studies},
  booktitle   = {Proceedings of the 7th Power Systems Computation Conference},
  series      = {PSCC},
  volume      = {}, 
  number      = {}, 
  issn        = {},
  doi         = {},
  pages       = {282--292},
  year        = {1981}
}
%--------------------------------------------------------------------
%PROCEEDINGS: IEEE Transactions on Power Electronics
%--------------------------------------------------------------------

@article{311258, 
  author      = {Hirofuini Akagi}, 
  title       = {Trends in active power line conditioners}, 
  journal     = {{IEEE} Transactions on Power Electronics}, 
  volume      = {9}, 
  number      = {3}, 
  issn        = {0885-8993},
  doi         = {10.1109/63.311258}, 
  pages       = {263--268}, 
  year        = {1994}
}

@article{318899, 
  author      = {Keyue Smedley and 
                 Slobodan {\'C}uk}, 
  title       = {Switching Flow-Graph nonlinear modeling technique}, 
  journal     = {{IEEE} Transactions on Power Electronics},   
  volume      = {9}, 
  number      = {4}, 
  issn        = {0885-8993},
  doi         = {10.1109/63.318899}, 
  pages       = {405--413}, 
  year        = {1994}
}

%--------------------------------------------------------------------
%PROCEEDINGS: International Conference on Future Energy Systems
%--------------------------------------------------------------------

%lmmnrsww-opgfc-15
@inproceedings{Lei15b,
  author      = {Thomas Leibfried      and 
                 Tamara Mchedlidze     and 
                 Nico Meyer-H\"{u}bner and 
                 Martin N\"{o}llenburg and 
                 Ignaz Rutter          and 
                 Peter Sanders         and 
                 Dorothea Wagner       and 
                 Franziska Wegner},
  title       = {Operating Power Grids with Few Flow Control Buses},
  booktitle   = {Proceedings of the ACM Sixth International Conference on Future Energy Systems},
  series      = {e-Energy},
  publisher   = {ACM},
  acmid       = {2768521},
  doi         = {10.1145/2768510.2768521},
  isbn        = {978-1-4503-3609-3},
  pages       = {289--294},
  numpages    = {6},
  year        = {2015}
}

%10.1007/978-3-319-25876-8_16
@inproceedings{Mch15,
  author      = {Tamara Mchedlidze      and 
                 Martin N{\"o}llenburg  and 
                 Ignaz Rutter           and 
                 Dorothea Wagner        and 
                 Franziska Wegner},
  editor      = {Sebastian Gottwalt     and 
                 Lukas K{\"o}nig        and 
                 Hartmut Schmeck},
  title       = {Towards Realistic Flow Control in Power Grid Operation},
  booktitle   = {Energy Informatics},
  isbn        = {978-3-319-25876-8},
  publisher   = {Springer International Publishing},
  address     = {Cham},
  pages       = {192--199},
  year        = {2015}
}

@inproceedings{Leh17,
  author      = {Sebastian Lehmann  and 
                 Ignaz Rutter       and 
                 Dorothea Wagner    and 
                 Franziska Wegner},
  title       = {A Simulated-Annealing-Based Approach for Wind Farm Cabling},
  booktitle   = {Proceedings of the Eighth International Conference on Future Energy Systems},
  series      = {e-Energy '17},
  publisher   = {ACM},
  address     = {New York, NY, USA},
  location    = {Shatin, Hong Kong},
  acmid       = {3077843},
  doi         = {10.1145/3077839.3077843},
  isbn        = {978-1-4503-5036-5},
  numpages    = {13},
  pages       = {203--215},
  year        = {2017}
} 

@inproceedings{Gra18,
  author      = {Alban Grastien   and 
                 Ignaz Rutter     and 
                 Dorothea Wagner  and 
                 Franziska Wegner and 
                 Matthias Wolf},
  title       = {The Maximum Transmission Switching Flow Problem},
  booktitle   = {Proceedings of the Ninth International Conference on Future Energy Systems},
  series      = {e-Energy},
  location    = {Karlsruhe, Germany},
  publisher   = {ACM},
  address     = {New York, NY, USA},
  acmid       = {3208910},
  doi         = {10.1145/3208903.3208910},
  isbn        = {978-1-4503-5767-8},  
  pages       = {340--360},
  numpages    = {21},
  year        = {2018}
} 

%--------------------------------------------------------------------
%PROCEEDINGS: IEEE PowerTech
%--------------------------------------------------------------------

%Rahmat Azami, Amir Hossein Abbasi, Jamal Shakeri, Amir Faraji Fard
@inproceedings{5281812, 
  author      = {Rahmat Azami   and 
                 Amir H. Abbasi and 
                 Jamal Shakeri  and 
                 Amir F. Fard}, 
  title       = {Impact of {EDRP} on composite reliability of restructured power systems}, 
  booktitle   = {{IEEE} Bucharest PowerTech}, 
  volume      = {}, 
  number      = {}, 
  issn        = {},
  doi         = {10.1109/PTC.2009.5281812}, 
  pages       = {1--6}, 
  year        = {2009}
}

%https://lirias.kuleuven.be/handle/123456789/501813
@inproceedings{7232576, 
  author      = {Tom Van Acker    and 
                 Dirk Van Hertem  and 
                 David Bekaert    and 
                 Karim Karoui     and 
                 Christian Merckx}, 
  title       = {Implementation of bus bar switching and Short Circuit Constraints in optimal power flow problems}, 
  booktitle   = {{IEEE} Eindhoven PowerTech}, 
  volume      = {}, 
  number      = {}, 
  issn        = {},
  doi         = {10.1109/PTC.2015.7232576},
  pages       = {1--6}, 
  year        = {2015}
}

@inproceedings{7232258, 
  author      = {Kwok W. Cheung and 
                 Davis Hwang    and 
                 Jun Wu}, 
  title       = {Integration of line switching in energy and market management systems}, 
  booktitle   = {{IEEE} Eindhoven PowerTech}, 
  volume      = {}, 
  number      = {}, 
  issn        = {},
  doi         = {10.1109/PTC.2015.7232258}, 
  pages       = {1--6}, 
  year        = {2015}
}

%--------------------------------------------------------------------
%PROCEEDINGS: IEEE Power Energy Society General Meeting
%--------------------------------------------------------------------

@inproceedings{7285601, 
  author      = {Jun Wu and 
                 Kwok W. Cheung}, 
  title       = {Incorporating Optimal Transmission Switching in Day-Ahead Unit Commitment and scheduling}, 
  booktitle   = {{IEEE} Power Energy Society General Meeting}, 
  volume      = {}, 
  number      = {}, 
  issn        = {1932-5517},
  doi         = {10.1109/PESGM.2015.7285601},
  pages       = {1--5}, 
  year        = {2015}
}

@inproceedings{7285833, 
  author      = {Yang Bai      and 
                 Haiwang Zhong and 
                 Qing Xia      and 
                 Yang Wang},
  title       = {A conic programming approach to optimal transmission switching considering reactive power and voltage security},  
  booktitle   = {IEEE Power Energy Society General Meeting}, 
  volume      = {}, 
  number      = {}, 
  issn        = {1932-5517},
  doi         = {10.1109/PESGM.2015.7285833}, 
  pages       = {1--5}, 
  year        = {2015}
}

@inproceedings{7286321, 
  author      = {Daniel Bienstock and 
                 Gonzalo Mu{\~n}oz}, 
  title       = {Approximate method for {AC} transmission switching based on a simple relaxation for {ACOPF} problems}, 
  booktitle   = {{IEEE} Power Energy Society General Meeting}, 
  volume      = {}, 
  number      = {}, 
  issn        = {1932-5517},
  doi         = {10.1109/PESGM.2015.7286321}, 
  pages       = {1--5}, 
  year        = {2015}
}

%--------------------------------------------------------------------
%PROCEEDINGS: IEEE Transactions on Power Delivery
%--------------------------------------------------------------------

%William Mack Grady
@article{Gra90, 
  author      = {William M. Grady  and 
                 Marek J. Samotyj  and 
                 A. H. Noyola}, 
  title       = {Survey of active power line conditioning methodologies}, 
  journal     = {{IEEE} Transactions on Power Delivery}, 
  volume      = {5}, 
  number      = {3}, 
  doi         = {10.1109/61.57998}, 
  issn        = {0885-8977},
  pages       = {1536--1542}, 
  year        = {1990}
}

%?
@article{WuT91, 
  author      = {Jaw-Shyang Wu      and 
                 Kevin L. Tomsovic  and 
                 Chao-Shun Chen}, 
  title       = {A heuristic search approach to feeder switching operations for overload, faults, unbalanced flow and maintenance}, 
  journal     = {{IEEE} Transactions on Power Delivery}, 
  volume      = {6}, 
  number      = {4}, 
  issn        = {0885-8977},
  doi         = {10.1109/61.97695}, 
  pages       = {1579--1586}, 
  year        = {1991}
}

%Noroozian1997
@article{Nor97, 
  author      = {Mojtaba Noroozian    and 
                 Lennart {\"A}ngquist and 
                 Mehrdad Ghandhari    and 
                 G{\"o}ran Andersson}, 
  title       = {Use of {UPFC} for optimal power flow control}, 
  journal     = {IEEE Transactions on Power Delivery}, 
  volume      = {12}, 
  number      = {4},   
  doi         = {10.1109/61.634183}, 
  issn        = {0885-8977},
  pages       = {1629--1634}, 
  year        = {1997}
}

%Nikhlesh Kumar Sharma
@article{Sha03, 
  author      = {Nikhlesh K. Sharma and 
                 Arindam Ghosh      and 
                 Rajiv K. Varma}, 
  title       = {A novel placement strategy for {FACTS} controllers}, 
  journal     = {{IEEE} Transactions on Power Delivery}, 
  volume      = {18}, 
  number      = {3}, 
  doi         = {10.1109/TPWRD.2003.813874},
  pages       = {982--987}, 
  year        = {2003}
}

%--------------------------------------------------------------------
%PROCEEDINGS: IEEE Power Engineering Society General Meeting
%--------------------------------------------------------------------

@inproceedings{Pur05,
  author      = {Konrad Purchala        and 
                 Leonardo Meeus         and 
                 Daniel {Van Dommelen}  and 
                 Ronnie Belmans},
  title       = {Usefulness of {DC} power flow for active power flow analysis},
  booktitle   = {{IEEE} Power Engineering Society General Meeting},
  publisher   = {IEEE},
  doi         = {10.1109/PES.2005.1489581},
  isbn        = {0-7803-9157-8},
  pages       = {2457--2462},
  year        = {2005}
}

@inproceedings{Ham07,
  author      = {Donald J. Hammerstrom},
  title       = {{AC} Versus {DC} Distribution Systems -- {D}id We Get it Right?},
  booktitle   = {{IEEE} Power Engineering Society General Meeting},
  publisher   = {IEEE},
  doi         = {10.1109/PES.2007.386130},
  isbn        = {1-4244-1296-X},
  issn        = {1932-5517},
  pages       = {1--5},
  year        = {2007}
}

%--------------------------------------------------------------------
%PROCEEDINGS: Computers & Operations Research
%--------------------------------------------------------------------

@article{Sah77,
  author      = {Sartaj Sahni},
  title       = {General Techniques for Combinatorial Approximation},
  journal     = {Operations Research},
  volume      = {25},
  number      = {6},
  doi         = {10.1287/opre.25.6.920},
  pages       = {920--936},
  year        = {1977}
}

@article{Cos05,
  author      = {Alysson M. Costa},
  title       = {A survey on benders decomposition applied to fixed-charge network design problems},
  journal     = {Computers \& Operations Research},
  volume      = {32},
  number      = {6},
  issn        = {0305-0548},
  doi         = {10.1016/j.cor.2003.11.012},
  pages       = {1429--1450},
  year        = {2005}
}

@article{Hoc08,
  author      = {Dorit S. Hochbaum},
  title       = {The Pseudoflow Algorithm: {A} New Algorithm for the Maximum-Flow Problem},
  journal     = {Operations Research},
  volume      = {56},
  number      = {4},
  doi         = {10.1287/opre.1080.0524},
  pages       = {992--1009},
  year        = {2008}
}

@article{Koc16,
  author      = {Burak Kocuk    and 
                 Hyemin Jeon    and 
                 Santanu S. Dey and 
                 Jeff Linderoth and 
                 James Luedtke  and 
                 Xu Andy Sun},
  title       = {A Cycle-Based Formulation and Valid Inequalities for DC Power Transmission Problems with Switching},
  journal     = {Operations Research},
  volume      = {64},
  number      = {4},
  doi         = {10.1287/opre.2015.1471},
  pages       = {922--938},
  year        = {2016}
}

%--------------------------------------------------------------------
%PROCEEDINGS: ACM Symposium on Theory of Computing
%--------------------------------------------------------------------

@inproceedings{Ben96,
  author      = {Andras A. Bencz\'{u}r and 
                 David R. Karger},
  title       = {Approximating~{$s$}-{$t$} Minimum Cuts in~{$\logO(n^2)$} Time},
  booktitle   = {Proceedings of the Twenty-eighth Annual {ACM} Symposium on Theory of Computing},
  series      = {STOC},
  publisher   = {ACM},
  isbn        = {0-89791-785-5},
  doi         = {10.1145/237814.237827},
  acmid       = {237827},
  pages       = {47--55},
  numpages    = {9},
  year        = {1996}
} 

@inproceedings{Chr11,
  author      = {Paul Christiano    and 
                 Jonathan A. Kelner and 
                 Aleksander Madry   and 
                 Daniel A. Spielman and 
                 Shang-Hua Teng},
  title       = {Electrical Flows, Laplacian Systems, and Faster Approximation of Maximum Flow in Undirected Graphs},
  booktitle   = {Proceedings of the Forty-third Annual {ACM} Symposium on Theory of Computing},
  series      = {STOC},
  publisher   = {ACM},
  location    = {San Jose, California, USA},
  isbn        = {978-1-4503-0691-1},
  doi         = {10.1145/1993636.1993674},
  acmid       = {1993674},
  pages       = {273--282},
  numpages    = {10},
  year        = {2011},
  note        = {Long version arXiv:1010.2921}
} 

@inproceedings{Orl13,
  author      = {James B. Orlin},
  title       = {Max Flows in~{$\bigO(nm)$} Time, or Better},
  booktitle   = {Proceedings of the Forty-fifth Annual {ACM} Symposium on Theory of Computing},
  series      = {STOC},
  publisher   = {ACM},
  isbn        = {978-1-4503-2029-0},
  doi         = {10.1145/2488608.2488705},
  acmid       = {2488705},
  pages       = {765--774},
  numpages    = {10},
  year        = {2013}
} 

%--------------------------------------------------------------------
%PROCEEDINGS: European Journal of Operational Research
%--------------------------------------------------------------------

%Jonas Christoffer Villumsen, Andrew B. Philpott
@article{VILLUMSEN2012377,
  author      = {Jonas C. Villumsen and 
                 Andrew B. Philpott},
  title       = {Investment in electricity networks with transmission switching},
  journal     = {European Journal of Operational Research},
  volume      = {222},
  number      = {2},
  issn        = {0377-2217},
  doi         = {10.1016/j.ejor.2012.05.002},
  pages       = {377--385},
  year        = {2012}
}

%Ernesto Queir{\'o}s Vieira MARTINS
@article{MARTINS1984236,
  author      = {Ernesto Q. V. Martins},
  title       = {On a multicriteria shortest path problem},
  journal     = {European Journal of Operational Research},
  volume      = {16},
  number      = {2},
  issn        = {0377-2217},
  doi         = {10.1016/0377-2217(84)90077-8},
  pages       = {236--245},
  year        = {1984}
}

%--------------------------------------------------------------------
%INPROCEEDINGS: Hawaii International Conference on System Sciences
%--------------------------------------------------------------------
@inproceedings{ocs-acdc-04, 
  author      = {Thomas J. Overbye and 
                 Xu Cheng          and 
                 Yan Sun}, 
  title       = {A comparison of the {AC} and {DC} power flow models for {LMP} calculations}, 
  booktitle   = {Proceedings of the 37th Annual Hawaii International Conference on System Sciences}, 
  series      = {HICSS},
  publisher   = {IEEE}, 
  volume      = {}, 
  number      = {},
  acmid       = {962857},
  isbn        = {0-7695-2056-1}, 
  issn        = {},
  doi         = {10.1109/HICSS.2004.1265164},
  pages       = {1--9},
  year        = {2004}
}

@inproceedings{4438889, 
  author      = {Paul Hines and 
                 Seth Blumsack}, 
  title       = {A Centrality Measure for Electrical Networks}, 
  booktitle   = {Proceedings of the 41st Annual Hawaii International Conference on System Sciences}, 
  series      = {HICSS},
  volume      = {}, 
  number      = {}, 
  issn        = {1530-1605},
  doi         = {10.1109/HICSS.2008.5}, 
  pages       = {185--185}, 
  year        = {2008}
}

@inproceedings{5718670, 
  author      = {Kory W. Hedman and 
                 Shmuel S. Oren and 
                 Richard P. O'Neill}, 
  title       = {Revenue Adequacy Constrained Optimal Transmission Switching}, 
  booktitle   = {Proceedings of the 44th Hawaii International Conference on System Sciences}, 
  series      = {HICSS},
  volume      = {}, 
  number      = {}, 
  issn        = {1530-1605},
  doi         = {10.1109/HICSS.2011.361}, 
  pages       = {1--10}, 
  year        = {2011}
}

@inproceedings{6480106, 
  author      = {Clayton Barrows and 
                 Seth Blumsack   and 
                 Russell Bent}, 
  title       = {Using Network Metrics to Achieve Computationally Efficient Optimal Transmission Switching}, 
  booktitle   = {Proceedings of the 46th Hawaii International Conference on System Sciences}, 
  series      = {HICSS},
  volume      = {}, 
  number      = {}, 
  issn        = {1530-1605},
  doi         = {10.1109/HICSS.2013.590}, 
  pages       = {2187--2196}, 
  year        = {2013}
}

%--------------------------------------------------------------------
%INPROCEEDINGS: IEEE International Conference on Electric Utility Deregulation, Restructuring and Power Technologies
%--------------------------------------------------------------------
%Narayana Prasad Padhy
@inproceedings{1338481, 
  author      = {Narayana P. Padhy}, 
  title       = {Congestion Management under Deregulated Fuzzy Environment}, 
  booktitle   = {Proceedings of the {IEEE} International Conference on Electric Utility Deregulation, Restructuring and Power Technologies}, 
  series      = {DRPT},
  volume      = {1}, 
  number      = {},
  isbn        = {0-7803-8237-4}, 
  issn        = {},
  doi         = {10.1109/DRPT.2004.1338481},
  pages       = {133--139}, 
  year        = {2004}
}

@inproceedings{5993919, 
  author      = {Kwok W. Cheung and 
                 Jun Wu         and 
                 Ricardo Rios-Zalapa}, 
  title       = {A Practical Implementation of Optimal Transmission Switching}, 
  booktitle   = {Proceedings of the 4th {IEEE} International Conference on Electric Utility Deregulation and Restructuring and Power Technologies}, 
  series      = {DRPT},
  volume      = {}, 
  number      = {}, 
  issn        = {},
  doi         = {10.1109/DRPT.2011.5993919}, 
  pages       = {366--371}, 
  year        = {2011}
}

%--------------------------------------------------------------------
%INPROCEEDINGS: Others
%--------------------------------------------------------------------
@article{Sto74, 
  author      = {Brian Stott}, 
  title       = {Review of load-flow calculation methods}, 
  journal     = {Proceedings of the IEEE}, 
  volume      = {62}, 
  number      = {7}, 
  doi         = {10.1109/PROC.1974.9544}, 
  issn        = {0018-9219}, 
  pages       = {916--929}, 
  year        = {1974}
}

%Robert A. M. Van Amerongen
@inproceedings{van1980security,
  author      = {Robert A. M. Van Amerongen and 
                 Hans P. van Meeteren},
  title       = {Security control by real power rescheduling network switching and load shedding},
  journal     = {CIGRE},
  volume      = {Report 32--02},
  number      = {}, 
  issn        = {},
  doi         = {}, 
  pages       = {}, 
  location    = {France},
  year        = {1980}
}

%? Müller, Hermann - https://www.zvab.com/servlet/BookDetailsPL?bi=22461802933&searchurl=hl%3Don%26sortby%3D20%26tn%3DDie%2BEntlastung%2Bder
@inproceedings{koglin1980overload,
  author      = {Hans-J{\"u}rgen Koglin and 
                 Hermann M{\"u}ller},
  title       = {Overload reduction through corrective switching actions},
  booktitle   = {International Conference on Power System Monitoring and Control},
  volume      = {24},
  number      = {26},
  issn        = {},
  doi         = {}, 
  pages       = {159--164}, 
  year        = {1980}
}

%Robert David Middlebrook
@inproceedings{7072414, 
  author      = {Robert W. Erickson and 
                 Slobodan {\'C}uk   and 
                 Robert D. Middlebrook}, 
  title       = {Large-signal modelling and analysis of switching regulators}, 
  booktitle   = {{IEEE} Power Electronics Specialists conference}, 
  series      = {PESC},
  volume      = {}, 
  number      = {}, 
  issn        = {0275-9306},
  doi         = {10.1109/PESC.1982.7072414}, 
  pages       = {240--250}, 
  year        = {1982}
}

%Hans-Jürgen Koglin, Manoel Firmino de Medeiros Júnior 
%issn = {0272-1724},
%doi = {10.1109/MPER.1983.5519557},
@inproceedings{koglin1983further,
  author      = {Hans-J{\"u}rgen Koglin and 
                 Manoel F. de Medeiros J{\'u}nior},
  title       = {Further Developments in Corrective Switching},
  booktitle   = {{CIGRE}/{IFAC} Symposium on Control Applications for Power System Security},
  volume      = {PER-3},
  number      = {1},
  issn        = {},
  doi         = {},
  pages       = {},
  location    = {Florence},
  year        = {1983}
}

%Robert Endre Tarjan, volume 2 issue 3
@inproceedings{715934, 
  author      = {Michael L. Fredman and 
                 Robert E. Tarjan}, 
  title       = {Fibonacci Heaps And Their Uses In Improved Network Optimization Algorithms}, 
  booktitle   = {25th Annual Symposium on Foundations of Computer Science}, 
  volume      = {}, 
  number      = {}, 
  issn        = {0272-5428},
  doi         = {10.1109/SFCS.1984.715934}, 
  pages       = {338--346}, 
  year        = {1984}
}

%?
@inproceedings{glavitsch1984combined,
  author      = {Hans Glavitsch and 
                 H. Kronig      and 
                 Rainer Bacher},
  title       = {Combined Use of Linear Programming and Load Flow Techniques in Determining Optimal Switching Sequences},
  booktitle   = {Proceedings of the Eighth Power Systems Computation Conference},
  series      = {PSCC},
  volume      = {}, 
  number      = {}, 
  issn        = {},
  doi         = {10.1016/B978-0-408-01468-7.50094-1}, 
  pages       = {627--637},
  location    = {Helsinki},
  year        = {1984}
}

%Manoel Firmino de Medeiros Júnior 
@inproceedings{koglin1985corrective,
  author      = {Hans-J{\"u}rgen Koglin and 
                 Manoel F. de Medeiros J{\'u}nior},
  title       = {Corrective switching by means of optimal strategy},
  booktitle   = {{CIGRE}/{IFAC} Symposium on Planning and Operation of Electric Energy Systems},
  volume      = {},
  number      = {}, 
  issn        = {},
  doi         = {}, 
  pages       = {804--809},
  location    = {Rio de Janeiro},
  year        = {1985}
}

%?
@inproceedings{paillet1988ampere,
  author      = {O. Paillet and 
                 L. Dubost},
  title       = {{AMPERE} -- {A} Knowledge-based System for Network Reconfiguration},
  booktitle   = {Symposium on Expert Systems Application to Power Systems},  
  volume      = {},
  number      = {}, 
  issn        = {},
  doi         = {}, 
  pages       = {},
  location    = {Stockholm-Helsinki},
  year        = {1988}
}

@inproceedings{Vai89, 
  author      = {Pravin M. Vaidya}, 
  booktitle   = {30th Annual Symposium on Foundations of Computer Science}, 
  title       = {Speeding-up linear programming using fast matrix multiplication}, 
  volume      = {}, 
  number      = {}, 
  doi         = {10.1109/SFCS.1989.63499}, 
  issn        = {}, 
  pages       = {332--337}, 
  year        = {1989}
}

@inproceedings{38969, 
  author      = {Timothy J. Bertram and 
                 Kendall D. Demaree and 
                 Lisa C. Dangelmaier}, 
  title       = {An integrated package for real-time security enhancement}, 
  booktitle   = {Conference Papers Power Industry Computer Application Conference}, 
  volume      = {}, 
  number      = {}, 
  issn        = {},
  doi         = {10.1109/PICA.1989.38969}, 
  pages       = {18--24}, 
  year        = {1989}
}

@inproceedings{647685, 
  author      = {Barry Arbetter and Dragan Maksimovi{\'c}}, 
  title       = {{DC}-{DC} converter with fast transient response and high efficiency for low-voltage microprocessor loads}, 
  booktitle   = {Thirteenth Annual Conference Proceedings -- {A}pplied Power Electronics Conference and Exposition.}, 
  series      = {APEC},
  volume      = {1}, 
  number      = {}, 
  issn        = {},
  doi         = {10.1109/APEC.1998.647685}, 
  pages       = {156--162}, 
  year        = {1998} 
}

%Sjoerd W. H. de Haan
@inproceedings{882070, 
  author      = {Pavol Bauer          and 
                 Sjoerd W. H. de Haan and 
                 C. R. Meyl           and 
                 Jan T. G. Pierik}, 
  title       = {Evaluation of electrical systems for offshore windfarms}, 
  booktitle   = {Conference Record of the {IEEE} Industry Applications Conference.}, 
  volume      = {3}, 
  number      = {},
  issn        = {0197-2618},
  doi         = {10.1109/IAS.2000.882070}, 
  pages       = {1416--1423}, 
  year        = {2000}
}

@inproceedings{969970, 
  author      = {Thomas Ackermann and 
                 Ralf Leutz       and 
                 Jens Hobohm}, 
  title       = {World-wide offshore wind potential and European projects}, 
  booktitle   = {Power Engineering Society Summer Meeting}, 
  volume      = {1}, 
  number      = {}, 
  doi         = {10.1109/PESS.2001.969970},
  isbn        = {0-7803-7173-9},
  issn        = {},
  pages       = {4--9}, 
  year        = {2001}
}

@inproceedings{916873, 
  author      = {Markus Doll and 
                 Johannes F. Verstege}, 
  title       = {Congestion management in a deregulated environment using corrective measures}, 
  booktitle   = {Conference Proceedings (Cat. No.01CH37194) -- {IEEE} Power Engineering Society Winter Meeting}, 
  volume      = {2}, 
  number      = {}, 
  doi         = {10.1109/PESW.2001.916873}, 
  issn        = {},
  pages       = {393--398}, 
  year        = {2001}
}

@inproceedings{1397562, 
  author      = {Li-Jun Cai         and 
                 Istv{\'a}n Erlich  and 
                 Georgios C. Stamtsis}, 
  title       = {Optimal Choice and Allocation of {FACTS} Devices in Deregulated Electricity Market using Genetic Algorithms}, 
  booktitle   = {{IEEE} Power Systems Conference and Exposition}, 
  series      = {PES},
  volume      = {1}, 
  number      = {}, 
  isbn        = {0-7803-8718-X},
  issn        = {},
  doi         = {10.1109/PSCE.2004.1397562},
  pages       = {201--207}, 
  year        = {2004}
}

@inproceedings{citeulike:7362179,
  author      = {Menghua Zhao and 
                 Zhe Chen     and 
                 Frede Blaabjerg},
  title       = {Optimization of electrical system for a large {DC} offshore wind farm by genetic algorithm},
  booktitle   = {Nordic Workshop on Power and Industrial Electronics},
  volume      = {}, 
  number      = {}, 
  year        = {2004}
}

@inproceedings{Don05, 
  author      = {Vaibhav Donde      and 
                 Vanessa L{\'o}pez  and 
                 Bernard Lesieutre  and 
                 Ali Pinar          and 
                 Chao Yang          and 
                 Juan Meza}, 
  title       = {Identification of severe multiple contingencies in electric power networks}, 
  booktitle   = {Proceedings of the 37th Annual North American Power Symposium}, 
  volume      = {}, 
  number      = {}, 
  doi         = {10.1109/NAPS.2005.1560502}, 
  ISBN        = {0-7803-9255-8},
  ISSN        = {},
  pages       ={59--66},
  year        ={2005}, 
}

@inproceedings{5427895, 
  author      = {Bengt Frank{\'e}n  and 
                 Henrik Breder      and 
                 Mikael Dahlgren    and 
                 Erik K. Nielsen}, 
  title       = {Collection grid topologies for off-shore wind parks}, 
  booktitle   = {18th International Conference and Exhibition on Electricity Distribution}, 
  series      = {CIRED},
  volume      = {}, 
  number      = {}, 
  isbn        = {978-0-86341-534-0},
  issn        = {0537-9989},
  doi         = {10.1049/cp:20051326},
  pages       = {1--5}, 
  year        = {2005}
}

%Fang Lin Luo
@inproceedings{1574987, 
  author      = {Miao Zhu and 
                 Fang L. Luo}, 
  title       = {Binary tree structure modeling method of {DC}/{DC} power converters}, 
  booktitle   = {International Conference on Electrical Machines and Systems}, 
  volume      = {2}, 
  number      = {}, 
  pages       = {1284--1289}, 
  issn        = {},
  doi         = {10.1109/ICEMS.2005.202754},   
  pages       = {}, 
  year        = {2005}
}

@inproceedings{1465551, 
  author      = {Weerakorn Ongsakul and 
                 Peerapol Jirapong}, 
  title       = {Optimal Allocation of {FACTS} Devices to Enhance Total Transfer Capability using Evolutionary Programming}, 
  booktitle   = {{IEEE} International Symposium on Circuits and Systems}, 
  series      = {ISCAS},
  volume      = {5},
  number      = {}, 
  issn        = {0271-4302},
  doi         = {10.1109/ISCAS.2005.1465551},
  pages       = {4175--4178}, 
  year        = {2005}
}

%Miao Lu and Zhao Yang Dong and Tapan Kumar Saha
@inproceedings{1547025, 
  author      = {Miao Lu      and 
                 Zhao Y. Dong and 
                 Tapan K. Saha}, 
  title       = {A Framework for Transmission Planning in a Competitive Electricity Market}, 
  booktitle   = {{IEEE}/{PES} Transmission Distribution Conference Exposition: {A}sia and Pacific}, 
  volume      = {}, 
  number      = {}, 
  issn        = {2160-8636},
  doi         = {10.1109/TDC.2005.1547025}, 
  pages       = {1--6}, 
  year        = {2005}
}

@inproceedings{Val06,
  author      = {Greg Valiant and 
                 Tim Roughgarden},
  title       = {Braess's Paradox in Large Random Graphs},
  booktitle   = {Proceedings of the 7th ACM Conference on Electronic Commerce},
  series      = {EC '06},
  isbn        = {1-59593-236-4},
  location    = {Ann Arbor, Michigan, USA},
  numpages    = {10},
  doi         = {10.1145/1134707.1134740},
  acmid       = {1134740},
  publisher   = {ACM},
  address     = {New York, NY, USA},
  pages       = {296--305},
  year        = {2006}
} 

@inproceedings{4152877, 
  author      = {Menghua Zhao and 
                 Zhe Chen     and 
                 Jesper Hjerrild}, 
  booktitle   = {{IECON} - 32nd Annual Conference on {IEEE} Industrial Electronics}, 
  title       = {Analysis of the behaviour of genetic algorithm applied in optimization of electrical system design for offshore wind farms}, 
  volume      = {}, 
  number      = {}, 
  doi         = {10.1109/IECON.2006.347333}, 
  issn        = {1553-572X},
  pages       = {2335--2340}, 
  year        = {2006}
}

@inproceedings{4218649, 
  author      = {Paul D. Hopewell and 
                 F. Castro      and 
                 D. I. Bailey}, 
  title       = {Optimising the design of offshore wind farm collection networks}, 
  booktitle   = {Proceedings of the 41st International Universities Power Engineering Conference}, 
  volume      = {1}, 
  number      = {}, 
  doi         = {10.1109/UPEC.2006.367720},
  pages       = {84--88}, 
  year        = {2006}
}

@inproceedings{1633649, 
  author      = {Anthony B. Morton and 
                 S. Cowdroy   and 
                 J. R. A. Hill and 
                 M. Halliday  and 
                 Guy D. Nicholson}, 
  title       = {{AC} or {DC}? {E}conomics of grid connection design for offshore wind farms}, 
  booktitle   = {The 8th {IEE} International Conference on {AC} and {DC} Power Transmission}, 
  series      = {ACDC},
  volume      = {}, 
  number      = {}, 
  issn        = {0537-9989},
  doi         = {10.1049/cp:20060048}, 
  pages       = {236--240}, 
  year        = {2006}
}

@inproceedings{Pin07, 
  author      = {Ali Pinar and 
                 Adam Reichert and 
                 Bernard Lesieutre}, 
  title       = {Computing Criticality of Lines in Power Systems}, 
  booktitle   = {2007 IEEE International Symposium on Circuits and Systems}, 
  volume      = {}, 
  number      = {}, 
  doi         = {10.1109/ISCAS.2007.378183}, 
  ISSN        = {0271-4302}, 
  pages       = {65--68}, 
  year        = {2007}
}

@inproceedings{Bridson:2007:FPD:1278780.1278807,
  author      = {Robert Bridson},
  title       = {Fast poisson disk sampling in arbitrary dimensions},
  booktitle   = {{ACM} {SIGGRAPH} Sketches},
  series      = {SIGGRAPH},
  location    = {San Diego, California},
  publisher   = {ACM},
  address     = {New York, NY, USA},
  volume      = {}, 
  number      = {}, 
  articleno   = {22},
  acmid       = {1278807},
  doi         = {10.1145/1278780.1278807},
  isbn        = {978-1-4503-4726-6},
  issn        = {},
  pages       = {22},
  year        = {2007}
}

@inproceedings{Cos08, 
  author      = {Vander M. {da Costa} and 
                 Arlei L. S. {Rosa}}, 
  booktitle   = {{IEEE/PES} Transmission and Distribution Conference and Exposition: {L}atin America}, 
  title       = {A comparative analysis of different power flow methodologies}, 
  volume      = {}, 
  number      = {}, 
  doi         = {10.1109/TDC-LA.2008.4641868}, 
  issn        = {}, 
  pages       = {1--7}, 
  year        = {2008}, 
}

%Rahmat Azami, Amir Faraji Fard
@inproceedings{4747200, 
  author      = {Rahmat Azami and 
                 Amir F. Fard}, 
  title       = {Impact of demand response programs on system and nodal reliability of a deregulated power system}, 
  booktitle   = {{IEEE} International Conference on Sustainable Energy Technologies}, 
  volume      = {}, 
  number      = {}, 
  doi         = {10.1109/ICSET.2008.4747200}, 
  issn        = {2165-4387},
  pages       = {1262--1266}, 
  year        = {2008}
}

@inproceedings{4581308, 
  author      = {Mahidhar Nandigam and 
                 Shirshak K. Dhali}, 
  title       = {Optimal design of an offshore wind farm layout}, 
  booktitle   = {International Symposium on Power Electronics, Electrical Drives, Automation and Motion}, 
  series      = {SPEEDAM},
  volume      = {}, 
  number      = {}, 
  doi         = {10.1109/SPEEDHAM.2008.4581308},
  issn        = {},
  pages       = {1470--1474}, 
  year        = {2008}
}

%Dong Dong Li
@inproceedings{4523827, 
  author      = {Dong D. Li and 
                 Chao He    and 
                 Yang Fu}, 
  title       = {Optimization of internal electric connection system of large offshore wind farm with hybrid genetic and immune algorithm}, 
  booktitle   = {Third International Conference on Electric Utility Deregulation and Restructuring and Power Technologies}, 
  series      = {DRPT},
  volume      = {}, 
  number      = {}, 
  doi         = {10.1109/DRPT.2008.4523827},
  isbn        = {978-7-900714-13-8},
  issn        = {},
  pages       = {2476--2481},
  year        = {2008}
}

@inproceedings{5348118, 
  author      = {Huang Lingling and 
                 Fu Yang        and 
                 Guo Xiaoming}, 
  title       = {Optimization of electrical connection scheme for large offshore wind farm with genetic algorithm}, 
  booktitle   = {International Conference on Sustainable Power Generation and Supply}, 
  volume      = {}, 
  number      = {}, 
  doi         = {10.1109/SUPERGEN.2009.5348118}, 
  issn        = {2156-9681},
  pages       = {1--4}, 
  year        = {2009}
}

%? Joes Manuel Arroyo, Federico Javier Fernández
@inproceedings{5352849, 
  author      = {Joes M. Arroyo and 
                 Federico J. Fern{\'a}ndez}, 
  title       = {A Genetic Algorithm Approach for the Analysis of Electric Grid Interdiction with Line Switching}, 
  booktitle   = {15th International Conference on Intelligent System Applications to Power Systems}, 
  volume      = {}, 
  number      = {}, 
  issn        = {},
  doi         = {10.1109/ISAP.2009.5352849}, 
  pages       = {1--6}, 
  year        = {2009}
}

@inproceedings{5275322, 
  author      = {Ernst H. Camm and 
                 Michael R. Behnke and 
                 Oscar Bolado and 
                 Math H. J. Bollen and 
                 Mitch Bradt and 
                 C. Brooks and 
                 Wayne A. Dilling and 
                 Mike Edds and 
                 W. J. Hejdak and 
                 D. Houseman and 
                 Stanley A. Klein and 
                 F. Li and 
                 J. Li and 
                 Philippe Maibach and 
                 T. Nicolai and 
                 J. Patino and 
                 Subbaiah V. Pasupulati and 
                 Nader Samaan and 
                 Steven W. Saylors and 
                 T. Siebert and 
                 Travis M. Smith and 
                 Michael Starke and 
                 Reigh A. Walling}, 
  title       = {Wind power plant collector system design considerations: {IEEE} {PES} wind plant collector system design working group}, 
  booktitle   = {IEEE Power Energy Society General Meeting}, 
  series      = {PESGM},
  volume      = {}, 
  number      = {}, 
  doi         = {10.1109/PES.2009.5275322}, 
  isbn        = {978-1-4244-4241-6},
  issn        = {1932-5517},
  pages       = {1--7},
  year        = {2009}
}

@inproceedings{hedman2010optimal,
  author      = {Kory W. Hedman and 
                 Shmuel S. Oren and 
                 Richard P. O'Neill},
  title       = {Optimal transmission switching: {W}hen economic efficiency and financial transmission rights markets collide},
  booktitle   = {Proceedings of the 6th Conference on Economics of Energy Markets Conference},
  volume      = {}, 
  number      = {}, 
  issn        = {},
  doi         = {}, 
  pages       = {}, 
  year        = {2010}
}

@inproceedings{6120344, 
  author      = {Bernard C. Lesieutre and 
                 Daniel K. Molzahn    and 
                 Alex R. Borden       and 
                 Christopher L. DeMarco}, 
  title       = {Examining the limits of the application of semidefinite programming to power flow problems}, 
  booktitle   = {49th Annual Allerton Conference on Communication, Control, and Computing (Allerton)}, 
  volume      = {}, 
  number      = {},   
  doi         = {10.1109/Allerton.2011.6120344}, 
  issn        = {},
  pages       = {1492--1499}, 
  year        = {2011}
}

@inproceedings{5740480, 
  author      = {Sudipta Dutta and 
                 Thomas J. Overbye}, 
  title       = {A clustering based wind farm collector system cable layout design}, 
  booktitle   = {{IEEE} Power and Energy Conference at Illinois}, 
  series      = {PECI},
  volume      = {}, 
  number      = {},   
  doi         = {10.1109/PECI.2011.5740480},
  isbn        = {978-1-4244-8052-4},
  issn        = {},
  pages       = {1--6}, 
  year        = {2011}
}

@inproceedings{ti-oidte-12, 
  author      = {Chin Yen Tee and 
                 Marija D. Ili{\'c}}, 
  title       = {Optimal investment decisions in transmission expansion}, 
  booktitle   = {North American Power Symposium}, 
  series      = {NAPS},
  volume      = {}, 
  number      = {},   
  isbn        = {978-1-4673-2308-6},
  issn        = {},
  doi         = {10.1109/NAPS.2012.6336421},
  pages       = {1--6}, 
  year        = {2012}
}

%Rahmat Aazami, Mahmoud Reza Haghifam, Kaveh Aflaki
@inproceedings{6175692, 
  author      = {Rahmat Aazami        and 
                 Mahmoud R. Haghifam  and 
                 Kaveh Aflaki}, 
  title       = {Stochastic energy and spinning reserve market with considering smart transmission switching action}, 
  booktitle   = {{IEEE} {PES} Innovative Smart Grid Technologies}, 
  series      = {ISGT},
  volume      = {}, 
  number      = {}, 
  issn        = {},
  doi         = {10.1109/ISGT.2012.6175692}, 
  pages       = {1--6}, 
  year        = {2012}
}

%? WenMin Guo
@inproceedings{LiG13, 
  author      = {W. Q. Li   and 
                 W. M. Guo  and 
                 G. J. Liu  and 
                 M. Yang    and 
                 X. S. Han  and 
                 X. K. Zhang}, 
  title       = {A bilevel approach to transmission switching}, 
  booktitle   = {{IEEE} International Conference of {IEEE} Region 10 ({TENCON})}, 
  series      = {TENCON},
  volume      = {}, 
  number      = {}, 
  issn        = {2159-3442},
  doi         = {10.1109/TENCON.2013.6718479}, 
  pages       = {1--4}, 
  year        = {2013}
}

@inproceedings{6994685, 
  author      = {Sergio Bruno         and 
                 Michela Di Lullo     and 
                 Giovanni Felici      and 
                 Fabrizio Lacalandra  and 
                 Massimo La Scala}, 
  title       = {Tight Unit Commitment models with Optimal Transmission Switching: {C}onnecting the dots with perturbed objective function}, 
  booktitle   = {Complexity in Engineering}, 
  series      = {COMPENG},
  volume      = {}, 
  number      = {}, 
  issn        = {},
  doi         = {10.1109/CompEng.2014.6994685}, 
  pages       = {1--8}, 
  year        = {2014}
}

@inproceedings{6955256, 
  author      = {Santiago P. Torres and 
                 Carlos A. Castro}, 
  title       = {Practical heuristic approach to solve the Optimal Transmission Switching problem for Smart Grids}, 
  booktitle   = {{IEEE} {PES} Transmission Distribution Conference and Exposition - {L}atin America}, 
  series      = {PES T D-LA},
  volume      = {}, 
  number      = {}, 
  issn        = {},
  doi         = {10.1109/TDC-LA.2014.6955256}, 
  pages       = {1--6}, 
  year        = {2014}
}

@inproceedings{6910726, 
  author      = {Li-Chun Liao   and 
                 Kuo-Wei Chien  and 
                 Bin-Chyi Tseng}, 
  title       = {Switching flow-graph modeling technique for {DC}-{DC} {\'C}uk converters}, 
  booktitle   = {16th European Conference on Power Electronics and Applications}, 
  volume      = {}, 
  number      = {},   
  issn        = {},
  doi         = {10.1109/EPE.2014.6910726}, 
  pages       = {1--10}, 
  year        = {2014}
}

%Jonathan A. Kelner and Yin Tat Lee and Lorenzo Orecchia and Aaron Sidford
@inproceedings{Kelner:2014:AAA:2634074.2634090,
  author      = {Jonathan A. Kelner and 
                 Yin T. Lee         and 
                 Lorenzo Orecchia   and 
                 Aaron Sidford},
  title       = {An Almost-linear-time Algorithm for Approximate Max Flow in Undirected Graphs, and Its Multicommodity Generalizations},
  booktitle   = {Proceedings of the Twenty-Fifth Annual {ACM}-{SIAM} Symposium on Discrete Algorithms},
  series      = {SODA},
  publisher   = {SIAM},
  volume      = {}, 
  number      = {},   
  isbn        = {978-1-611973-38-9},
  acmid       = {2634090},
  pages       = {217--226},
  numpages    = {10},
  year        = {2014},
  note        = {Long version arXiv:1304.2338}
}

@inproceedings{7368506, 
  author      = {Daniel E. Okojie and 
                 Adisa A. Jimoh   and 
                 Yskandar Hamam   and 
                 Ademola A. Yusuff}, 
  title       = {Identification of vulnerable transmission lines in power system switching operations}, 
  booktitle   = {4th International Conference on Electric Power and Energy Conversion Systems}, 
  series      = {EPECS},
  volume      = {}, 
  number      = {}, 
  issn        = {},
  doi         = {10.1109/EPECS.2015.7368506},
  pages       = {1--5}, 
  year        = {2015}
}

@inproceedings{7325581, 
  author      = {Payman Dehghanian and 
                 Mladen Kezunovic}, 
  title       = {Impact assessment of transmission line switching on system reliability performance}, 
  booktitle   = {18th International Conference on Intelligent System Application to Power Systems}, 
  series      = {ISAP},
  volume      = {}, 
  number      = {}, 
  issn        = {},
  doi         = {10.1109/ISAP.2015.7325581},
  pages       = {1--6}, 
  year        = {2015}
}

% Ruosong Xiao, Yingmeng Xiang, Lingfeng Wang, Kaigui Xie
@inproceedings{7764210, 
  author      = {Ruosong Xiao   and 
                 Yingmeng Xiang and 
                 Lingfeng Wang  and 
                 Kaigui Xie}, 
  title       = {Bulk power system reliability evaluation considering optimal transmission switching and dynamic line thermal rating}, 
  booktitle   = {International Conference on Probabilistic Methods Applied to Power Systems}, 
  series      = {PMAPS},
  volume      = {}, 
  number      = {}, 
  issn        = {},
  doi         = {10.1109/PMAPS.2016.7764210},
  pages       = {1--5}, 
  year        = {2016}
}

%Akhil Kumar Gupta, Deep Kiran, Abhijit R. Abhyankar
@inproceedings{7858898, 
  author      = {Akhil K. Gupta and
                 Deep Kiran     and 
                 Abhijit R. Abhyankar}, 
  title       = {Flexibility in transmission switching for congestion management}, 
  booktitle   = {National Power Systems Conference}, 
  series      = {NPSC},
  volume      = {}, 
  number      = {}, 
  issn        = {},
  doi         = {10.1109/NPSC.2016.7858898}, 
  pages       = {1--5}, 
  year        = {2016}
}

%Farzaneh Pourahmadi, Mohammad Jooshaki, Seyed Hamid Hosseini
@inproceedings{7764208, 
  author      = {Farzaneh Pourahmadi  and 
                 Mohammad Jooshaki    and 
                 Seyed H. Hosseini}, 
  title       = {A dynamic programming-based heuristic approach for optimal transmission switching problem with~{$N-1$} reliability criterion}, 
  booktitle   = {International Conference on Probabilistic Methods Applied to Power Systems}, 
  series      = {PMAPS},
  volume      = {}, 
  number      = {}, 
  issn        = {},
  doi         = {10.1109/PMAPS.2016.7764208},
  pages       = {1--7}, 
  year        = {2016}
}

@inproceedings{7519884, 
  author      = {Payman Dehghanian and 
                 Mladen Kezunovic}, 
  title       = {Probabilistic impact of transmission line switching on power system operating states}, 
  booktitle   = {{IEEE}/{PES} Transmission and Distribution Conference and Exposition}, 
  series      = {T D},
  volume      = {}, 
  number      = {}, 
  issn        = {},
  doi         = {10.1109/TDC.2016.7519884}, 
  pages       = {1--5}, 
  year        = {2016}
}

%--------------------------------------------------------------------
%ARTICLE: IEE Proceedings - Generation, Transmission and Distribution
%--------------------------------------------------------------------

@article{Cho06, 
  author      = {Jaeseok Choi     and 
                 Timothy D. Mount and 
                 Robert J. Thomas and 
                 Roy Billinton}, 
  title       = {Probabilistic reliability criterion for planning transmission system expansions}, 
  journal     = {{IEE} Proceedings - {G}eneration, Transmission and Distribution}, 
  volume      = {153}, 
  number      = {6}, 
  issn        = {1350-2360},
  doi         = {10.1049/ip-gtd:20050205}, 
  pages       = {719-727}, 
  year        = {2006}
}

@article{is-sonl-04, 
  author      = {Lucio Ippolito and 
                 Pierluigi Siano}, 
  title       = {Selection of optimal number and location of thyristor-controlled phase shifters using genetic based algorithms}, 
  journal     = {{IEE} Proceedings -- {G}eneration, Transmission and Distribution}, 
  volume      = {151}, 
  number      = {5}, 
  doi         = {10.1049/ip-gtd:20040800},
  pages       = {630--637}, 
  year        = {2004}
}

@article{1532109, 
  author      = {Durairaj Devaraj and 
                 Bayya Yegnanarayana}, 
  title       = {Genetic-Algorithm-based Optimal Power Flow for Security Enhancement}, 
  journal     = {{IEE} Proceedings -- {G}eneration, Transmission and Distribution}, 
  volume      = {152}, 
  number      = {6}, 
  doi         = {10.1049/ip-gtd:20045234}, 
  issn        = {1350-2360},
  pages       = {899--905}, 
  year        = {2005}
}

%--------------------------------------------------------------------
%ARTICLE: Others
%--------------------------------------------------------------------

@article{Max65,
  author    = {James Clerk Maxwell},
  title     = {VIII. A dynamical theory of the electromagnetic field},
  journal   = {Philosophical Transactions of the Royal Society of London},
  volume    = {155},
  number    = {},
  doi       = {10.1098/rstl.1865.0008},
  pages     = {459--512},
  year      = {1865}
}

@article{Max92,
  author    = {James Clerk Maxwell},
  title     = {Chap. 6 and appendix},
  journal   = {Electricity and magnetism},
  volume    = {1},
  pages     = {403--410},
  year      = {1892}
}

@article{Whi31,
  author      = {Hassler Whitney},
  title       = {Non-Separable and Planar Graphs},
  journal     = {Proceedings of the National Academy of Sciences of the United States of America},
  volume      = {17},
  number      = {2},
  publisher   = {National Academy of Sciences},
  issn        = {00278424},
  pages       = {125--127},
  year        = {1931}
}

@article{Whi32a,
  author      = {Hassler Whitney},
  title       = {Congruent Graphs and the Connectivity of Graphs},
  journal     = {American Journal of Mathematics},
  publisher   = {Johns Hopkins University Press},
  volume      = {54},
  number      = {1},
  doi         = {10.2307/2371086},
  issn        = {00029327, 10806377},
  pages       = {150--168},
  year        = {1932}
}

@article{Whi35,
  author      = {Hassler Whitney},
  title       = {On the abstract properties of linear dependence},
  journal     = {American Journal of Mathematics},
  volume      = {57},
  number      = {3},
  publisher   = {JSTOR},
  doi         = {10.2307/2371182},
  pages       = {509--533},
  year        = {1935}
}

@article{Kir47,
  author      = {Gustav Robert Kirchhoff},
  title       = {{\"U}ber die Aufl\"{o}sung der Gleichungen, auf welche man bei der Untersuchung der linearen Vertheilung galvanischer Str{\"o}me gef{\"u}hrt wird},
  journal     = {Annalen der Physik},
  volume      = {148},
  number      = {12},
  doi         = {10.1002/andp.18471481202},
  pages       = {497--508},
  year        = {1847}
}

@article{Metropolis1953,
  author      = {Nicholas Metropolis    and 
                 Arianna W. Rosenbluth  and 
                 Marshall N. Rosenbluth and 
                 Augusta H. Teller      and 
                 Edward Teller},
  title       = {Equation of state calculations by fast computing machines},
  journal     = {The Journal of Chemical Physics},
  publisher   = {AIP},
  volume      = {21},
  number      = {6},
  doi         = {10.1063/1.1699114},
  pages       = {1087--1092},
  year        = {1953}
}

@article{Oka55,
  author      = {S. Okada},
  title       = {Topologic and Algebraic Foundations of Network Synthesis},
  journal     = {Proceedings of Symposim on Modern Network Synthesis},
  volume      = {5},
  pages       = {283--322},
  year        = {1955}
}

@article{Ced55,
  author      = {I. Cederbaum},
  title       = {Invariance and Mutual Relations of Electrical Network Determinants},
  journal     = {Journal of Mathematics and Physics},
  volume      = {34},
  number      = {1-4},
  doi         = {10.1002/sapm1955341236},
  pages       = {236--244},
  year        = {1955}
}

@ARTICLE{War56, 
  author      = {J. B. {Ward} and 
                 H. W. {Hale}}, 
  title       = {Digital Computer Solution of Power-Flow Problems [includes discussion]},
  journal     = {Transactions of the American Institute of Electrical Engineers. {P}art {III}: {P}ower Apparatus and Systems}, 
  volume      = {75}, 
  number      = {3}, 
  doi         = {10.1109/AIEEPAS.1956.4499318}, 
  issn        = {0097-2460}, 
  pages       = {398--404},
  year        = {1956}
}

%?
@article{1056816, 
  author      = {P. Elias     and 
                 A. Feinstein and 
                 Claude E. Shannon}, 
  title       = {A Note on the Maximum Flow through a Network}, 
  journal     = {{IRE} Transactions on Information Theory}, 
  volume      = {2}, 
  number      = {4}, 
  issn        = {0096-1000},
  doi         = {10.1109/TIT.1956.1056816},
  pages       = {117--119},
  year        = {1956}
}

%Lester R. Ford Jr
@article{For56,
  author      = {Lester R. Ford and 
                 Delbert R. Fulkerson},
  title       = {Maximal Flow through a Network},
  journal     = {Canadian Journal of Mathematics},
  volume      = {8},
  number      = {0},
  doi         = {10.4153/cjm-1956-045-5},
  issn        = {1496-4279},
  pages       = {399--404},
  year        = {1956}
}

@ARTICLE{Kal59, 
  author      = {R. E. {Kalman}}, 
  title       = {On the general theory of control systems}, 
  journal     = {{IRE} Transactions on Automatic Control}, 
  volume      = {4}, 
  number      = {3}, 
  doi         = {10.1109/TAC.1959.1104873}, 
  issn        = {0096-199X}, 
  pages       = {110--110}, 
  year        = {1959}
}

@article{Ful61,
  author      = {Delbert R. Fulkerson},
  title       = {An out-of-kilter method for minimal-cost flow problems},
  journal     = {Journal of the Society for Industrial and Applied Mathematics},
  publisher   = {SIAM},
  volume      = {9},
  number      = {1},
  doi         = {10.1137/0109002},
  issn        = {0368-4245, 2168-3484},
  pages       = {18--27},
  year        = {1961}
}

@article{Car62, 
  author      = {J. Carpentier}, 
  title       = {Contribution to the Economic Dispatch Problem}, 
  journal     = {Bulletin de la Soci{\'e}t{\'e} Fran{\cc}oise des {\'E}lectriciens}, 
  volume      = {3}, 
  number      = {8}, 
  pages       = {431--437},
  year        = {1962}
}

@article{5388449, 
  author      = {L. R. Esau and 
                 K. C. Williams}, 
  title       = {On teleprocessing system design, Part {II}: {A} method for approximating the optimal network}, 
  journal     = {{IBM} Systems Journal}, 
  volume      = {5}, 
  number      = {3}, 
  doi         = {10.1147/sj.53.0142}, 
  issn        = {0018-8670},
  pages       = {142--147}, 
  year        = {1966}
}

% Albert M. Sasson ; Fernando J. Jaimes
@article{Sas67, 
  author      = {Albert M. {Sasson} and 
                 Fernando J. {Jaimes}}, 
  title       = {Digital Methods Applied to Power Flow Studies}, 
  journal     = {{IEEE} Transactions on Power Apparatus and Systems}, 
  volume      = {PAS-86}, 
  number      = {7}, 
  doi         = {10.1109/TPAS.1967.291753}, 
  issn        = {0018-9510}, 
  pages       = {860--867}, 
  year        = {1967}
}

@article{Kle67,
  author      = {Morton Klein},
  title       = {A Primal Method for Minimal Cost Flows with Applications to the Assignment and Transportation Problems},
  journal     = {Management Science},
  volume      = {14},
  number      = {3},
  doi         = {10.1287/mnsc.14.3.205},
  pages       = {205--220},
  year        = {1967}
}

@article{Bra68,
    author    = {Dietrich Braess},
    title     = {{\"U}ber ein Paradoxon aus der Verkehrsplanung (engl. Over a paradox in the traffic planning)},
    journal   = {Unternehmensforschung},
    volume    = {12},
    number    = {1},
    issn      = {1432-5217},
    doi       = {10.1007/BF01918335},
    pages     = {258--268},
    year      = {1968}
}

John Peschon ; D. S. Piercy ; William F. Tinney ; Odd J. Tveit ; Michael Cuenod
@article{Pes68, 
  author      = {John {Peschon}       and 
                 Dean S. {Piercy}     and 
                 William F. {Tinney}  and 
                 Odd J. {Tveit}       and 
                 Michael {Cuenod}}, 
  title       = {Optimum Control of Reactive Power Flow}, 
  journal     = {{IEEE} Transactions on Power Apparatus and Systems}, 
  volume      = {PAS-87}, 
  number      = {1}, 
  doi         = {10.1109/TPAS.1968.292254}, 
  issn        = {0018-9510}, 
  pages       = {40--48},
  year        = {1968}
}

@article{Held1971,
  author      = {Michael Held and 
                 Richard M. Karp},
  title       = {The traveling-salesman problem and minimum spanning trees: {P}art {II}},
  journal     = {Mathematical Programming},
  volume      = {1},
  number      = {1},
  doi         = {10.1007/BF01584070},
  issn        = {1436-4646},
  pages       = {6--25},
  year        = {1971}
}

@article{Edm72,
  author      = {Jack Edmonds and 
                 Richard M. Karp},
  title       = {Theoretical Improvements in Algorithmic Efficiency for Network Flow Problems},
  journal     = {J. ACM},
  publisher   = {ACM},
  address     = {New York, NY, USA},
  volume      = {19},
  number      = {2},
  issn        = {0004-5411},
  doi         = {10.1145/321694.321699},
  acmid       = {321699},
  numpages    = {17},
  pages       = {248--264},
  year        = {1972}
} 

@article{Swa73,
  author      = {Huntington S. Swanson and 
                 Robert E. D. Woolsey},
  title       = {An "Out-of-Kilter" Network Tutorial},
  journal     = {SIGMAP Bull.},
  publisher   = {ACM},
  address     = {New York, NY, USA},
  number      = {13},
  acmid       = {1216980},
  issn        = {0163-5786},
  doi         = {10.1145/1216978.1216980},
  pages       = {34--40},
  numpages    = {7},
  year        = {1973}
} 

@article{Bar75,
  author      = { J. Wesley Barnes and
                  Robert M. {Crisp Jr.}},
  title       = {Linear Programming: {A} Survey of General Purpose Algorithms},
  journal     = {American Institute of Industrial Engineers Transactions},
  publisher   = {Taylor \& Francis},
  volume      = {8},
  number      = {1},
  doi         = {10.1080/05695557508975428},
  pages       = {212--221},
  year        = {1975}
}

@article{Car79,
  author      = {J. L. Carpentier},
  title       = {Optimal power flows},
  journal     = {International Journal of Electrical Power \& Energy Systems},
  volume      = {1},
  number      = {1},
  pages       = {3--15},
  issn        = {0142-0615},
  doi         = {10.1016/0142-0615(79)90026-7},
  year        = {1979}
}

@article{1658777, 
  author      = {Gerald M. Masson   and 
                 George C. Gingher  and 
                 Shinji Nakamura}, 
  title       = {A Sampler of Circuit Switching Networks}, 
  journal     = {Computer}, 
  volume      = {12}, 
  number      = {6}, 
  issn        = {0018-9162},
  doi         = {10.1109/MC.1979.1658777},
  pages       = {32--48}, 
  year        = {1979}
}

@article{1667197, 
  author      = {Tse-yun Feng}, 
  title       = {A Survey of Interconnection Networks},
  journal     = {Computer}, 
  volume      = {14}, 
  number      = {12}, 
  issn        = {0018-9162},
  doi         = {10.1109/C-M.1981.220290}, 
  pages       = {12--27}, 
  year        = {1981}
}

@ARTICLE{Kirkpatrick83optimizationby,
  author      = {Scott Kirkpatrick  and 
                 C. Daniel Gelatt   and 
                 Mario P. Vecchi},
  title       = {Optimization by simulated annealing},
  journal     = {Science},
  volume      = {220},
  number      = {4598},
  doi         = {10.1126/science.220.4598.671},
  issn        = {1095-9203},
  pages       = {671--680},
  year        = {1983}
}

%Robert Endre Tarjan
@article {NET:NET3230140209,
  author      = {John W. Suurballe and 
                 Robert E. Tarjan},
  title       = {A quick method for finding shortest pairs of disjoint paths},
  journal     = {Networks},
  volume      = {14},
  number      = {2},
  publisher   = {Wiley Subscription Services, Inc., A Wiley Company},
  issn        = {1097-0037},
  doi         = {10.1002/net.3230140209},
  pages       = {325--336},
  year        = {1984},
}

@article{4504460, 
  author      = {Hirofumi Akagi     and 
                 Yoshihira Kanazawa and 
                 Akira Nabae}, 
  title       = {Instantaneous Reactive Power Compensators Comprising Switching Devices without Energy Storage Components}, 
  journal     = {{IEEE} Transactions on Industry Applications},   
  volume      = {IA-20}, 
  number      = {3}, 
  issn        = {0093-9994},
  doi         = {10.1109/TIA.1984.4504460}, 
  pages       = {625--630}, 
  year        = {1984}
}

@article{Cerny1985,
  author      = {V. {\v{C}}ern{\'y}},
  title       = {Thermodynamical approach to the traveling salesman problem: An efficient simulation algorithm},
  journal     = {Journal of Optimization Theory and Applications},
  volume      = {45},
  number      = {1},
  doi         = {10.1007/BF00940812},
  issn        = {1573-2878},
  pages       = {41--51},
  year        = {1985}
}

@article{Gabow1986,
  author      = {Harold N. Gabow  and 
                 Zvi Galil        and 
                 Thomas Spencer   and 
                 Robert E. Tarjan},
  title       = {Efficient algorithms for finding minimum spanning trees in undirected and directed graphs},
  journal     = {Combinatorica},
  volume      = {6},
  number      = {2},
  doi         = {10.1007/BF02579168},
  issn        = {1439-6912},
  pages       = {109--122},
  year        = {1986}
}

@article{Dub86,
  author      = {Pradeep Dubey},
  title       = {Inefficiency of Nash Equilibria},
  journal     = {Mathematics of Operations Research},
  volume      = {11},
  number      = {1},
  doi         = {10.1287/moor.11.1.1},
  pages       = {1--8},
  year        = {1986}
}

@article{Sha87,
  author      = {Louis W. Shapiro},
  title       = {An Electrical Lemma},
  journal     = {Mathematics Magazine},
  publisher   = {Mathematical Association of America},
  volume      = {60},
  number      = {1},
  issn        = {0025570X, 19300980},
  URL         = {http://www.jstor.org/stable/2690136},
  pages       = {36--38},
  year        = {1987}
}

@article{Gol89,
  author      = {Andrew V. Goldberg and 
                 Robert E. Tarjan},
  title       = {Finding Minimum-cost Circulations by Canceling Negative Cycles},
  journal     = {J. ACM},
  publisher   = {ACM},
  address     = {New York, NY, USA},
  volume      = {36},
  number      = {4},
  acmid       = {76368},
  doi         = {10.1145/76359.76368},
  issn        = {0004-5411},
  numpages    = {14},
  pages       = {873--886},
  year        = {1989}
} 

%?
@article{fellows1989robertson,
  author      = {M. R. Fellows},
  title       = {The Robertson-Seymour theorems: {A} survey of applications},
  journal     = {Contemporary Mathematics},
  volume      = {89},
  publisher   = {American Mathematical Society},
  issn        = {0271-4132},
  doi         = {10.1090/conm/089/1006472},
  pages       = {1--18},
  year        = {1989}
}

%? V.H. Quintana, Nicholas Muller
@article{6591513, 
  author      = {V. H. Quintana and 
                 Nicholas M\"{u}ller}, 
  title       = {Overload and voltage control of power systems by line switching and generation rescheduling}, 
  journal     = {Canadian Journal of Electrical and Computer Engineering}, 
  volume      = {15}, 
  number      = {4}, 
  issn        = {0840-8688},
  doi         = {10.1109/CJECE.1990.6591513},
  pages       = {167--173}, 
  year        = {1990}
}

@article{Gol90,
  author      = {Andrew V. Goldberg and 
                 Robert E. Tarjan},
  title       = {Finding Minimum-Cost Circulations by Successive Approximation},
  journal     = {Mathematics of Operations Research},
  volume      = {15},
  number      = {3},
  doi         = {10.1287/moor.15.3.430},
  pages       = {430--466},
  year        = {1990}
}

@article{Coh91,
  author      = {Joel E. Cohen and 
                 Paul Horowitz},
  title       = {Paradoxical behaviour of mechanical and electrical networks},
  journal     = {Nature},
  volume      = {352},
  number      = {6337},
  publisher   = {Nature Publishing Group},
  doi         = {10.1038/352699a0},
  issn        = {1476-4687},
  pages       = {699--701},
  year        = {1991}
}

@article{Gal92, 
  author      = {Francisco D. Galiana and 
                 Donald T. McGillis   and 
                 Miguel A. Marin}, 
  title       = {Expert systems in transmission planning}, 
  journal     = {Proceedings of the {IEEE}}, 
  volume      = {80}, 
  number      = {5}, 
  issn        = {0018-9219},
  doi         = {10.1109/5.137226}, 
  pages       = {712--726}, 
  year        = {1992}
}

%Hingorani1993a
@article{206621, 
  author      = {Narain G. Hingorani}, 
  title       = {Flexible {AC} transmission}, 
  journal     = {IEEE Spectrum},   
  volume      = {30}, 
  number      = {4}, 
  issn        = {0018-9235},
  doi         = {10.1109/6.206621}, 
  pages       = {40--45}, 
  year        = {1993}
}

@article{Orl93,
  author      = {James B. Orlin and
                 Serge A. Plotkin and
                 {\'E}va Tardos},
  title       = {Polynomial dual network simplex algorithms},
  journal     = {Mathematical Programming},
  volume      = {60},
  number      = {1},
  issn        = {1436-4646},
  doi         = {10.1007/BF01580615},
  pages       = {255--276},
  year        = {1993}
}

%?
@article{sancha1994segre,
  author      = {J. I. Sancha     and 
                 J. L. Fernandez  and 
                 J. Hebero},
  title       = {SEGRE an expert system for reactive power management in electric power systems},
  journal     = {Intelligent Systems Applications to Power Systems},
  pages       = {389--395},
  year        = {1994}
}

@article{ROLIM1995177,
  author      = {Jacqueline G. Rolim  and 
                 Malcolm R. Irving    and 
                 Luiz Jairo B. Machado},
  title       = {{SECTE} -- {A}n Expert System For Voltage Control, Including Topological Changes},
  journal     = {{IFAC} Symposium on Control of Power Plants and Power Systems},
  volume      = {28},
  number      = {26},
  issn        = {1474-6670},
  doi         = {10.1016/S1474-6670(17)44753-7},
  pages       = {177--182},
  year        = {1995}
}

%Nikhil Ranjan Pal
@article{Pal:1995:CVF:2234581.2235722,
  author      = {Nikhil R. Pal and 
                 James C. Bezdek},
  title       = {On cluster validity for the fuzzy c-means model},
  journal     = {{IEEE} Transactions on Fuzzy Systems},
  publisher   = {{IEEE} Press},
  address     = {Piscataway, NJ, USA},
  volume      = {3},
  number      = {3},
  acmid       = {2235722},
  doi         = {10.1109/91.413225},
  issn        = {1063-6706},
  pages       = {370--379},
  numpages    = {10},
  year        = {1995}
} 

@article{Osman1996,
  author      = {Ibrahim H. Osman and 
                 Gilbert Laporte},
  title       = {Metaheuristics: {A} bibliography},
  journal     = {Annals of Operations Research},
  volume      = {63},
  number      = {5},
  doi         = {10.1007/BF02125421},
  issn        = {1572-9338},
  pages       = {511--623},
  year        = {1996}
}

@article{Orl97,
  author      = {James B. Orlin},
  title       = {A polynomial time primal network simplex algorithm for minimum cost flows},
  journal     = {Mathematical Programming},
  volume      = {78},
  number      = {2},
  doi         = {10.1007/BF02614365},
  issn        = {1436-4646},
  pages       = {109--129},
  year        = {1997}
}

@article{Stoer:1997:SMA:263867.263872,
  author      = {Mechthild Stoer and 
                 Frank Wagner},
  title       = {A simple min-cut algorithm},
  journal     = {Journal of the ACM},
  publisher   = {ACM},
  address     = {New York, NY, USA},
  volume      = {44},
  number      = {4},
  acmid       = {263872},
  doi         = {10.1145/263867.263872},
  issn        = {0004-5411},
  pages       = {585--591},
  numpages    = {7},
  year        = {1997}
}

@article{Karger1997,
  author      = {David R. Karger  and 
                 Rajeev Motwani   and 
                 Gurumurthy D. S. Ramkumar},
  title       = {On approximating the longest path in a graph},
  journal     = {Algorithmica},
  volume      = {18},
  number      = {1},
  issn        = {1432-0541},
  doi         = {10.1007/BF02523689},
  pages       = {82--98},
  year        = {1997}
}

@article{Goldberg19971,
  author      = {Andrew V. Goldberg},
  title       = {An Efficient Implementation of a Scaling Minimum-Cost Flow Algorithm},
  journal     = {Journal of Algorithms},
  volume      = {22},
  number      = {1},
  issn        = {0196-6774},
  doi         = {10.1006/jagm.1995.0805},
  pages       = {1--29},
  year        = {1997},
}

@article{Pas97,
  author      = {Eric I. Pas and 
                 Shari L. Principio},
  title       = {Braess' paradox: Some new insights},
  journal     = {Transportation Research Part B: Methodological},
  volume      = {31},
  number      = {3},  
  doi         = {10.1016/S0191-2615(96)00024-0},
  issn        = {0191-2615},
  pages       = {265--276},
  year        = {1997},
}

@article{Tar97,
  author      = {Robert E. Tarjan},
  title       = {Dynamic trees as search trees via euler tours, applied to the network simplex algorithm},
  journal     = {Mathematical Programming},
  volume      = {78},
  number      = {2},
  doi         = {10.1007/BF02614369},
  issn        = {1436-4646},
  pages       = {169--177},
  year        = {1997}
}

@article{Goldberg:1998:BFD:290179.290181,
  author      = {Andrew V. Goldberg and 
                 Satish Rao},
  title       = {Beyond the Flow Decomposition Barrier},
  journal     = {J. ACM},
  publisher   = {ACM},
  volume      = {45},
  number      = {5},
  issn        = {0004-5411},
  doi         = {10.1145/290179.290181},
  acmid       = {290181},
  pages       = {783--797},
  numpages    = {15},
  year        = {1998}
} 

% Vander Menengoy da Costa, Jose Luiz R. Pereira
@article{Cos99, 
  author      = {Vander M. {da Costa} and 
                 Nelson {Martins}     and 
                 Jos{\'e} L. R. {Pereira}}, 
  journal     = {{IEEE} Transactions on Power Systems}, 
  title       = {Developments in the {N}ewton {R}aphson power flow formulation based on current injections}, 
  volume      = {14}, 
  number      = {4}, 
  doi         = {10.1109/59.801891}, 
  issn        = {0885-8950}, 
  pages       = {1320--1326},
  year        = {1999}
}

@article{905717, 
  author      = {Stig Ekel{\"o}f}, 
  title       = {The genesis of the Wheatstone bridge}, 
  journal     = {Engineering Science and Education Journal}, 
  volume      = {10}, 
  number      = {1}, 
  issn        = {0963-7346},
  doi         = {10.1049/esej:20010106}, 
  pages       = {37--40}, 
  year        = {2001}
}

@article{Kanungo:2002:EKC:628329.628801,
  author      = {Tapas Kanungo        and 
                 David M. Mount       and 
                 Nathan S. Netanyahu  and 
                 Christine D. Piatko  and 
                 Ruth Silverman       and 
                 Angela Y. Wu},
  title       = {An efficient k-means clustering algorithm: {A}nalysis and implementation},
  journal     = {{IEEE} Transactions on Pattern Analysis and Machine Intelligence},
  publisher   = {{IEEE} Computer Society},
  address     = {Washington, DC, USA},
  volume      = {24},
  number      = {7},
  acmid       = {628801},
  doi         = {10.1109/TPAMI.2002.1017616},
  issn        = {0162-8828},
  pages       = {881--892},
  year        = {2002}
}

@article{1098053, 
  author      = {Thomas Ackermann}, 
  title       = {Transmission systems for offshore wind farms}, 
  journal     = {{IEEE} Power Engineering Review}, 
  volume      = {22}, 
  number      = {12}, 
  issn        = {0272-1724},
  doi         = {10.1109/MPER.2002.1098053}, 
  pages       = {23--27}, 
  year        = {2002}
}

@ARTICLE{1015761, 
  author      = {Neil M. Kirby  and 
                 Lie Xu         and 
                 Martin Luckett and 
                 Werner Siepmann}, 
  title       = {{HVDC} transmission for large offshore wind farms},  
  journal     = {Power Engineering Journal}, 
  volume      = {16}, 
  number      = {3}, 
  doi         = {10.1049/pe:20020306}, 
  issn        = {0950-3366},
  pages       = {135--141}, 
  year        = {2002}
}

%Maria Grazia Speranza
@article{krps-fptasSubsetSum-2003,
  author      = {Hans Kellerer    and 
                 Renata Mansini   and 
                 Ulrich Pferschy  and 
                 Maria G. Speranza},
  title       = {An efficient fully polynomial approximation scheme for the Subset-Sum Problem},
  journal     = {Journal of Computer and System Sciences},
  volume      = {66},
  number      = {2},
  issn        = {0022-0000},
  doi         = {10.1016/S0022-0000(03)00006-0},
  pages       = {349--370},
  year        = {2003}
}

@article{Pen03,
  author      = {Claude M. Penchina and 
                 Leora J. Penchina},
  title       = {The Braess paradox in mechanical, traffic, and other networks},
  journal     = {American Journal of Physics},
  volume      = {71},
  number      = {5},
  doi         = {10.1119/1.1538553},
  pages       = {479--482},
  year        = {2003}
}

@article{Bra05,
  author      = {Dietrich Braess  and 
                 Anna Nagurney    and 
                 Tina Wakolbinger},
  title       = {On a Paradox of Traffic Planning},
  journal     = {Transportation Science},
  volume      = {39},
  number      = {4},
  publisher   = {Institute for Operations Research and the Management Sciences (INFORMS)},
  issn        = {1526-5447},
  doi         = {10.1287/trsc.1050.0127},
  acmid       = {1247166},
  pages       = {446--450},
  numpages    = {5},
  year        = {2005}
} 

@article{Walling2005,
  author      = {R. A. Walling and 
                 T. Ruddy},
  title       = {Economic optimization of offshore windfarm substations and collection systems},
  journal     = {Networks for Offshore Wind Farms},
  pages       = {1--7},
  year        = {2005}
}

@article{Waechter2006,
  author      = {Andreas W\"{a}chter and 
                 Lorenz T. Biegler},
  title       = {On the implementation of an interior-point filter line-search algorithm for large-scale nonlinear programming},
  journal     = {Mathematical Programming},
  volume      = {106},
  number      = {1},
  issn        = {1436-4646},
  doi         = {10.1007/s10107-004-0559-y},
  pages       = {25--57},
  year        = {2006}
}

@article{doi:10.1080/09398368.2006.11463608,
  author      = {Stefan Lundberg},
  title       = {Evaluation of wind farm layouts},
  journal     = {European Power Electronics and Drives Journal},
  series      = {EPE},
  volume      = {16},
  number      = {1},
  doi         = {10.1080/09398368.2006.11463608},
  pages       = {14--21},
  year        = {2006}
}

@article{You08,
  author      = {Hyejin Youn        and 
                 Michael T. Gastner and 
                 Hawoong Jeong},
  title       = {Price of Anarchy in Transportation Networks: {E}fficiency and Optimality Control},
  journal     = {Phys. Rev. Lett.},
  volume      = {101},
  issue       = {12},
  publisher   = {American Physical Society},
  doi         = {10.1103/PhysRevLett.101.128701},
  pages       = {128701},
  numpages    = {4},
  year        = {2008}
}

@article{Bonami:2008:AFC:2296584.2296727,
  author      = {Pierre Bonami                  and 
                 Lorenz T. Biegler              and 
                 Andrew R.Conn                  and 
                 G{\'e}rard Cornu{\'e}jols      and 
                 Ignacio E. Grossmann           and 
                 Carl D. Laird                  and 
                 Jon Lee                        and 
                 Andrea Lodi                    and 
                 Fran{\cc}ois Margot            and 
                 Nicolas Sawaya                 and 
                 Andreas W\"{a}chter},
  title       = {An Algorithmic Framework for Convex Mixed Integer Nonlinear Programs},
  journal     = {Discrete Optimization},
  volume      = {5},
  number      = {2},
  publisher   = {Elsevier Science Publishers B. V.},
  issn        = {1572-5286},
  doi         = {10.1016/j.disopt.2006.10.011},
  acmid       = {2296727},
  pages       = {186--204},
  numpages    = {19},
  year        = {2008}
} 

@article{08DRPT1794,
  author      = {Menghua Zhao and 
                 Zhe Chen     and 
                 Frede Blaabjerg},
  title       = {Application of genetic algorithm in electrical system optimization for offshore wind farms},
  journal     = {International Conference on Electric Utility Deregulation and Restructuring and Power Technologies},
  series      = {DRPT},
  year        = {2008}
}

@article{4957255, 
  author      = {Menghua Zhao and 
                 Zhe Chen     and 
                 Frede Blaabjerg},
  title       = {Optimisation of electrical system for offshore wind farms via genetic algorithm}, 
  journal     = {{IET} Renewable Power Generation}, 
  volume      = {3}, 
  number      = {2}, 
  doi         = {10.1049/iet-rpg:20070112}, 
  issn        = {1752-1416},
  pages       = {205--216}, 
  year        = {2009}
}

@article{SurveyComputerScience,
  author      = {Kartik S. Pandya and 
                 Satish K. Joshi},
  title       = {A survey of Optimal Power Flow Methods},
  journal     = {Journal of Theoretical and Applied Information Technology},
  volume      = {4},
  number      = {5},
  issn        = {},
  doi         = {},
  pages       = {450--457},
  year        = {2009}
}

@article{BOMPARD20095,
  author      = {Ettore Bompard and 
                 Roberto Napoli and 
                 Fei Xue},
  title       = {Analysis of structural vulnerabilities in power transmission grids},
  journal     = {International Journal of Critical Infrastructure Protection},
  volume      = {2},
  number      = {1},
  issn        = {1874-5482},
  doi         = {10.1016/j.ijcip.2009.02.002},
  pages       = {5--12},
  year        = {2009}
}

@article{doi:10.1063/1.3077229,
  author      = {Sergio Arianos and 
                 Ettore Bompard and 
                 Anna Carbone   and 
                 Fei Xue},
  title       = {Power grid vulnerability: {A} complex network approach},
  journal     = {Chaos: {A}n Interdisciplinary Journal of Nonlinear Science},
  volume      = {19},
  number      = {1},
  issn        = {},
  doi         = {10.1063/1.3077229},
  pages       = {013119-1--013119-6},
  year        = {2009}
}

@article{Nag10,
  author      = {Anna Nagurney},
  title       = {The Negation of the Braess Paradox as Demand Increases: {T}he Wisdom of Crowds in Transportation Networks},
  journal     = {{EPL} (Europhysics Letters)},
  volume      = {},
  number      = {},
  issn        = {0295-5075},
  doi         = {10.1209/0295-5075/91/48002},
  pages       = {},
  year        = {2010}
}

@article{Pin10,
  author      = {Ali Pinar      and 
                 Juan Meza      and 
                 Vaibhav Donde  and 
                 Bernard Lesieutre},
  title       = {Optimization Strategies for the Vulnerability Analysis of the Electric Power Grid},
  journal     = {SIAM Journal on Optimization},
  volume      = {20},
  number      = {4},
  doi         = {10.1137/070708275},
  pages       = {1786--1810},
  year        = {2010}
}

@article{Hedman2011,
  author      = {Kory W. Hedman and 
                 Shmuel S. Oren and 
                 Richard P. O'Neill},
  title       = {Optimal transmission switching: {E}conomic efficiency and market implications},
  journal     = {Journal of Regulatory Economics},
  volume      = {40},
  number      = {2},
  issn        = {1573-0468},
  doi         = {10.1007/s11149-011-9158-z},
  pages       = {111},
  year        = {2011}
}

@article{Lav12, 
  author      = {Javad Lavaei and 
                 Steven H. Low}, 
  journal     = {{IEEE} Transactions on Power Systems}, 
  title       = {Zero Duality Gap in Optimal Power Flow Problem}, 
  volume      = {27}, 
  number      = {1}, 
  doi         = {10.1109/TPWRS.2011.2160974}, 
  issn        = {0885-8950}, 
  pages       = {92--107}, 
  year        = {2012}
}

@article{doi:10.3138/infor.50.2.095,
  author      = {Alain Hertz    and 
                 Odile Marcotte and 
                 Asma Mdimagh   and 
                 Michel Carreau and 
                 Fran{\cc}ois Welt},
  title       = {Optimizing the design of a wind farm collection network},
  journal     = {INFOR: Information Systems and Operational Research},
  volume      = {50},
  number      = {2},
  doi         = {10.3138/infor.50.2.095},
  pages       = {95--104},
  year        = {2012}
}

%Mohammad Rahim Akhavan Kazemzadeh
@article{20084889, 
  author      = {Masoud Yaghini and 
                 Mohammad R. Akhavan Kazemzadeh},  
  title       = {A simulated annealing algorithm for unsplittable capacitated network design}, 
  journal     = {International Journal of Industiral Engineering \& Producion Research},  
  series      = {IJIEPR},
  volume      = {23}, 
  issue       = {2},
  issn        = {2008-4889},
  pages       = {91--100},
  year        = {2012}
}

@article{6007042, 
  author      = {Francisco M. Gonz{\'{a}}lez-Longatt  and 
                 Peter Wall                           and 
                 Pawel Regulski                       and 
                 Vladimir Terzija}, 
  title       = {Optimal electric network design for a large offshore wind farm based on a modified genetic algorithm approach}, 
  journal     = {IEEE Systems Journal}, 
  volume      = {6}, 
  number      = {1}, 
  doi         = {10.1109/JSYST.2011.2163027}, 
  issn        = {1932-8184},
  pages       = {164--172}, 
  year        = {2012}
}

@article{Shabani1819544X,
  author      = {M. Shabani and 
                 M. R. A. Pahlavani},
  title       = {Fuzzy-based Multi-Objective Optimal Placement of Unified Power Flow Controller},
  journal     = {Applied Sciences Research},
  volume      = {8},
  number      = {1},
  issn        = {1819-544X},
  pages       = {290--300},
  year        = {2012}
}

%Frederico Rodrigues Martins
@article{Pal12,
  author      = {Marco G. Pala        and 
                 Samuel Baltazar      and 
                 Peng Liu             and 
                 Hermann Sellier      and 
                 Beno{\^i}t Hackens   and 
                 Frederico R. Martins and 
                 Vincent Bayot        and 
                 Xavier Wallart       and 
                 Ludovic Desplanque   and 
                 Serge Huant},
  title       = {Transport Inefficiency in Branched-Out Mesoscopic Networks: {A}n Analog of the Braess Paradox},
  journal     = {Physical Review Letters},
  publisher   = {American Physical Society},
  volume      = {108},
  issue       = {7},
  doi         = {10.1103/PhysRevLett.108.076802},
  pages       = {076802},
  numpages    = {5},
  year        = {2012}
}

@article{Pet12,
  author      = {Sarah Peters and 
                 Mark Vondracek},
  title       = {Counterintuitive Behavior in Mechanical Networks},
  journal     = {The Physics Teacher},
  volume      = {50},
  number      = {6},
  doi         = {10.1119/1.4745689},
  pages       = {359--362},
  year        = {2012}
}

@article{Wit12,
    author      = {Dirk Witthaut and 
                   Marc Timme},
    title       = {Braess's paradox in oscillator networks, desynchronization and power outage},
    journal     = {New Journal of Physics},
    volume      = {14},
    number      = {8},
    pages       = {083036},
    year        = {2012}
}

@article{6320868, 
  author      = {Xiaoqing Han and 
                 Jing Guo     and 
                 Peng Wang}, 
  title       = {Adequacy study of a wind farm considering terrain and wake effect}, 
  journal     = {{IET} Generation, Transmission Distribution}, 
  volume      = {6}, 
  number      = {10}, 
  doi         = {10.1049/iet-gtd.2011.0704}, 
  issn        = {1751-8687},
  pages       = {1001--1008}, 
  year        = {2012}
}

@article{Roh12,
  author      = {Martin Rohden  and 
                 Andreas Sorge  and 
                 Marc Timme     and 
                 Dirk Witthaut},
  title       = {Self-Organized Synchronization in Decentralized Power Grids},
  journal     = {Physical Review Letters},
  volume      = {109},
  issue       = {6},
  pages       = {064101},
  numpages    = {5},
  publisher   = {American Physical Society},
  doi         = {10.1103/PhysRevLett.109.064101},
  year        = {2012}
}


@article{Hem13,
  author      = {Reza Hemmati           and 
                 Rahmat-Allah Hooshmand and 
                 Amin Khodabakhshian},
  title       = {State-of-the-art of transmission expansion planning: {C}omprehensive review},
  journal     = {Renewable and Sustainable Energy Reviews},
  volume      = {23},
  issn        = {1364-0321},
  doi         = {10.1016/j.rser.2013.03.015},
  pages       = {312--319},
  year        = {2013}
}

@article{Chen2013,
  author      = {Yingying Chen  and 
                 Zhaoyang Dong  and 
                 Ke Meng        and 
                 Fengji Luo     and 
                 Weifeng Yao    and 
                 Jing Qiu},
  title       = {A novel technique for the optimal design of offshore wind farm electrical layout},
  journal     = {Journal of Modern Power Systems and Clean Energy},
  volume      = {1},
  number      = {3},
  doi         = {10.1007/s40565-013-0035-x},
  issn        = {2196-5420},
  pages       = {258--263},
  year        = {2013}
}

@article{Sve13,
  author      = {Harald G. Svendsen},
  title       = {Planning tool for clustering and optimised grid connection of offshore wind farms},
  journal     = {Energy Procedia},
  volume      = {35},
  doi         = {10.1016/j.egypro.2013.07.182},
  issn        = {1876-6102},
  pages       = {297--306},
  year        = {2013}
}

@article{Uch13,
  author      = {Kei Uchizawa   and 
                 Takanori Aoki  and 
                 Takehiro Ito   and 
                 Akira Suzuki   and 
                 Xiao Zhou},
  title       = {On the Rainbow Connectivity of Graphs: {C}omplexity and {FPT} Algorithms},
  journal     = {Algorithmica},
  volume      = {67},
  number      = {2},
  issn        = {1432-0541},
  doi         = {10.1007/s00453-012-9689-4},
  pages       = {161--179},
  year        = {2013}
}

@article{Oer14,
  author      = {David Oertel and
                 R. Ravi},
  title       = {Complexity of transmission network expansion planning},
  journal     = {Energy Systems},
  volume      = {5},
  number      = {1},
  doi         = {10.1007/s12667-013-0091-3},
  issn        = {1868-3975},
  pages       = {179--207},
  year        = {2014}
}

@article{Tim14,
  author      = {Marc Timme and 
                 Jose Casadiego},
  title       = {Revealing networks from dynamics: {A}n introduction},
  journal     = {Journal of Physics A: {M}athematical and Theoretical},
  publisher   = {{IOP} Publishing},
  volume      = {47},
  number      = {34},
  doi         = {10.1088/1751-8113/47/34/343001},
  pages       = {343001},
  year        = {2014}
}

@article{Gol14,
  author      = {Andrew V. Goldberg and 
                 Robert E. Tarjan},
  title       = {Efficient Maximum Flow Algorithms},
  journal     = {Commun. ACM},
  publisher   = {ACM},
  address     = {New York, NY, USA},
  volume      = {57},
  number      = {8},
  issn        = {0001-0782},
  doi         = {10.1145/2628036},
  acmid       = {2628036},
  pages       = {82--89},
  numpages    = {8},
  year        = {2014}
} 

@article{Bal16, 
  author      = {Pranavamoorthy Balasubramanian and 
                 Mostafa Sahraei-Ardakani       and 
                 Xingpeng Li                    and 
                 Kory W. Hedman}, 
  title       = {Towards smart corrective switching: {A}nalysis and advancement of {PJM}'s switching solutions}, 
  journal     = {{IET} Generation, Transmission Distribution}, 
  volume      = {10}, 
  number      = {8}, 
  issn        = {1751-8687},
  doi         = {10.1049/iet-gtd.2015.1362}, 
  pages       = {1984--1992}, 
  year        = {2016}
}

@article{Din16, 
  author      = {Tao Ding and 
                 Chaoyue Zhao}, 
  title       = {Robust optimal transmission switching with the consideration of corrective actions for~{$N-k$} contingencies}, 
  journal     = {{IET} Generation, Transmission Distribution}, 
  volume      = {10}, 
  number      = {13}, 
  issn        = {1751-8687},
  doi         = {10.1049/iet-gtd.2016.0126}, 
  pages       = {3288--3295}, 
  year        = {2016}
}

@article{Aaz16,
  author      = {Rahmat Aazami  and 
                 Sabah Daniar   and 
                 Vali Talaeizadeh},
  title       = {Physical and Stability Limitations of Transmission Switching in Electricity Markets},
  journal     = {Iranian Journal of Science and Technology, Transactions of Electrical Engineering},
  volume      = {40},
  number      = {1},
  issn        = {2364-1827},
  doi         = {10.1007/s40998-016-0002-4},
  pages       = {1--11},
  year        = {2016}
}

@article{CANO201771,
  author      = {Jos{\'e} M. Cano         and 
                 Md. Rejwanur R. Mojumdar and 
                 Joaqu{\'i}n G. Norniella and 
                 Gonzalo A. Orcajo},
  title       = {Phase shifting transformer model for direct approach power flow studies},
  journal     = {International Journal of Electrical Power \& Energy Systems},
  volume      = {91},
  issn        = {0142-0615},
  doi         = {10.1016/j.ijepes.2017.03.007},
  pages       = {71--79},
  year        = {2017}
}

%George Bernard Dantzig, Pinto, L.M.V.G.
@article{Gra17,
  author      = {Sergio Granville     and 
                 Mario V. F. Pereira  and 
                 George B. Dantzig    and 
                 Benjamin Avi-Itzhak  and 
                 Mordecai Avriel      and 
                 Alcir Monticelli     and 
                 Pinto Leontina},
  title       = {Mathematical decomposition techniques for power system expansion planning: {V}olume 1, Decomposition methods and uses: {F}inal report},
  volume      = {},
  number      = {},
  issn        = {},
  doi         = {},
  pages       = {},
  year        = {2017}
}

@article{en10081204,
  author      = {Xin Xu       and 
                 Yongji Cao   and 
                 Hengxu Zhang and 
                 Shiying Ma   and 
                 Yunting Song and 
                 Dezhi Chen},
  title       = {A Multi-Objective Optimization Approach for Corrective Switching of Transmission Systems in Emergency Scenarios},
  journal     = {Energies},
  volume      = {10},
  number      = {8},
  issn        = {1996-1073},
  doi         = {10.3390/en10081204},
  year        = {2017},
}

@article{Hij17,
  author      = {Hassan L. Hijazi and 
                 Carleton Coffrin and 
                 Pascal Van Hentenryck},
  title       = {Convex quadratic relaxations for mixed-integer nonlinear programs in power systems},
  journal     = {Mathematical Programming Computation},
  volume      = {9},
  number      = {3},
  issn        = {1867-2957},
  doi         = {10.1007/s12532-016-0112-z},
  pages       = {321--367},
  year        = {2017}
}

@article{Bie18,
  author      = {Daniel Bienstock and 
                 Gonzalo Mu$\tilde{n}$oz},
  title       = {{LP} Formulations for Polynomial Optimization Problems},
  journal     = {{SIAM} Journal on Optimization},
  volume      = {28},
  number      = {2},
  doi         = {10.1137/15M1054079},
  pages       = {1121--1150},
  year        = {2018}
}

%--------------------------------------------------------------------
%PROCEEDINGS: arXiv & technical reports
%--------------------------------------------------------------------
@article{Bie19,
  author      = {Daniel Bienstock and 
                 Abhinav Verma},
  title       = {Strong {NP}-hardness of {AC} power flows feasibility},
  journal     = {CoRR},
  volume      = {abs/1512.07315},
  url         = {https://arxiv.org/abs/1512.07315},
  archivePrefix = {arXiv},
  eprint      = {1512.07315},
  year        = {2019}
}

@article{Jos16,
  author      = {C{\'e}dric Josz           and 
                 St{\'e}phane Fliscounakis and 
                 Jean Maeght               and 
                 Patrick Panciatici},
  title       = {{AC} power flow data in {MATPOWER} and {QCQP} format: i{T}esla, {RTE} snapshots, and {PEGASE}},
  journal     = {CoRR},
  volume      = {abs/1603.01533},
  url         = {http://arxiv.org/abs/1603.01533},
  archivePrefix = {arXiv},
  eprint      = {1603.01533},
  year        = {2016}
}

@article{Leh15a,
  author      = {Karsten Lehmann  and 
                 Alban Grastien   and 
                 Pascal Van Hentenryck},
  title       = {The Complexity of Switching and {FACTS} Maximum-Potential-Flow Problems},
  journal     = {CoRR},
  volume      = {abs/1507.04820},
  url         = {http://arxiv.org/abs/1507.04820},
  archivePrefix = {arXiv},
  eprint      = {1507.04820},
  year        = {2015}
}

@article{Leh15b,
  author      = {Karsten Lehmann  and 
                 Russell Bent     and 
                 Feng Pan},
  title       = {Maximizing electrical power supply using {FACTS} devices},
  journal     = {CoRR},
  volume      = {abs/1507.05541},
  url         = {http://arxiv.org/abs/1507.05541},
  archivePrefix = {arXiv},
  eprint      = {1507.05541},
  year        = {2015}
}

@article{Leh14,
  author      = {Karsten Lehmann and 
                 Alban Grastien  and 
                 Pascal Van Hentenryck},
  title       = {The Complexity of {DC}-Switching Problems},
  journal     = {CoRR},
  volume      = {abs/1411.4369},
  url         = {http://arxiv.org/abs/1411.4369},
  archivePrefix = {arXiv},
  eprint      = {1411.4369},
  year        = {2014}
}

@article{Cof14b,
  author      = {Carleton Coffrin and 
                 Dan Gordon       and 
                 Paul Scott},
  title       = {{NESTA}, The {NICTA} Energy System Test Case Archive},
  journal     = {CoRR},
  volume      = {abs/1411.0359},
  url         = {http://arxiv.org/abs/1411.0359},
  archivePrefix = {arXiv},
  eprint      = {1411.0359},
  year        = {2014}
}

@article{Lei15,
  author      = {Thomas Leibfried         and 
                 Tamara Mchedlidze        and 
                 Nico Meyer-H{\"{u}}bner  and 
                 Martin N{\"{o}}llenburg  and 
                 Ignaz Rutter             and 
                 Peter Sanders            and 
                 Dorothea Wagner          and 
                 Franziska Wegner},
  title       = {Operating Power Grids with Few Flow Control Buses},
  journal     = {CoRR},
  volume      = {abs/1505.05747},
  journal     = {CoRR},
  archivePrefix = {arXiv},
  arxivId     = {1505.05747},
  eprint      = {1505.05747},
  url         = {http://arxiv.org/abs/1505.05747},
  year        = {2015},
}

@techreport{Cai12,
  author      = {Mary B. Cain       and 
                 Richard P. O'Neill and 
                 Anya Castillo},
  title       = {History of Optimal Power Flow and Formulations -- Optimal Power Flow Paper 1},
  journal     = {Federal Energy Regulatory Commission},
  institution = {FERC},
  url         = {https://www.ferc.gov/industries/electric/indus-act/market-planning/opf-papers/acopf-1-history-formulation-testing.pdf},
  pages       = {1--36},
  year        = {2012}
}

@techreport{Nei12a,
  author      = {Richard P. O'Neill and 
                 Anya Castillo      and
                 Mary B. Cain},
  title       = {The {IV} Formulation and Linear Approximations of the {AC} Optimal Power Flow Problem -- Optimal Power Flow Paper 2},
  journal     = {Federal Energy Regulatory Commission},
  institution = {FERC},
  url         = {https://www.ferc.gov/industries/electric/indus-act/market-planning/opf-papers/acopf-2-iv-linearization.pdf},
  pages       = {1--18},
  year        = {2012}
}

@techreport{Nei12b,
  author      = {Richard P. O'Neill and 
                 Anya Castillo      and 
                 Mary B. Cain},
  title       = {The Computational Testing of {AC} Optimal Power Flow Using the Current Voltage Formulations -- Optimal Power Flow Paper 3},
  journal     = {Federal Energy Regulatory Commission},
  institution = {FERC},
  url         = {https://www.ferc.gov/industries/electric/indus-act/market-planning/opf-papers/acopf-3-iv-linearization-testing.pdf},
  pages       = {1--61},
  year        = {2012}
}

@techreport{Cas13a,
  author      = {Anya Castillo      and 
                 Richard P. O'Neill},
  title       = {Survey of Approaches to Solving the ACOPF -- Optimal Power Flow Paper 4},
  journal     = {Federal Energy Regulatory Commission},
  institution = {FERC},
  url         = {https://www.ferc.gov/industries/electric/indus-act/market-planning/opf-papers/acopf-4-solution-techniques-survey.pdf},
  pages       = {1--49},
  year        = {2013}
}

@techreport{Cas13b,
  author      = {Anya Castillo      and 
                 Richard P. O'Neill},
  title       = {Computational Performance of Solution Techniques Applied to the {ACOPF} -- Optimal Power Flow Paper 5},
  journal     = {Federal Energy Regulatory Commission},
  institution = {FERC},
  url         = {https://www.ferc.gov/industries/electric/indus-act/market-planning/opf-papers/acopf-5-computational-testing.pdf},
  pages       = {1--34},
  year        = {2013}
}

@techreport{Sch13,
  author      = {Aaron Schecter     and 
                 Richard P. O'Neill},
  title       = {Exploration of the {ACOPF} Feasible Region for the Standard {IEEE} Test Set -- Optimal Power Flow Paper 6},
  journal     = {Federal Energy Regulatory Commission},
  institution = {FERC},
  url         = {https://www.ferc.gov/industries/electric/indus-act/market-planning/opf-papers/acopf-6-test-problem-properties.pdf},
  pages       = {1--7},
  year        = {2013}
}

@techreport{Lip13a,
  author      = {Paula A. Lipka     and 
                 Richard P. O'Neill and
                 Shmuel Oren},
  title       = {Developing Line Current magnitude Constraints for {IEEE} Test Problems -- Optimal Power Flow Paper 7},
  journal     = {Federal Energy Regulatory Commission},
  institution = {FERC},
  url         = {https://www.ferc.gov/industries/electric/indus-act/market-planning/opf-papers/acopf-7-line-constraints.pdf},
  pages       = {1--22},
  year        = {2013}
}

@techreport{Pir13,
  author      = {Mehrdad Pirnia     and 
                 Richard P. O'Neill and
                 Paula Lipka        and
                 Clay Campaigne},
  title       = {A Computational Study of Linear Approximations to the Convex Constraints in the Iterative Linear {IV‐ACOPF} Formulation},
  journal     = {Federal Energy Regulatory Commission},
  institution = {FERC},
  url         = {https://www.ferc.gov/industries/electric/indus-act/market-planning/opf-papers/acopf-8-preprocessed-constraints-iliv-acopf.pdf},
  pages       = {1--17},
  year        = {2013}
}

@techreport{Cam13,
  author      = {Clay Campaigne     and 
                 Paula A. Lipka     and
                 Mehrdad Pirnia     and
                 Richard P. O'Neill and 
                 Shmuel Oren},
  title       = {Testing Step‐size Limits for Solving the Linearized Current Voltage {AC} Optimal Power Flow -- Optimal Power Flow Paper 9},
  journal     = {Federal Energy Regulatory Commission},
  institution = {FERC},
  url         = {https://www.ferc.gov/industries/electric/indus-act/market-planning/opf-papers/acopf-9-stepsizelimits-iliv-acopf.pdf},
  pages       = {1--19},
  year        = {2013}
}

@techreport{Lip13b,
  author      = {Paula A. Lipka     and
                 Richard P. O'Neill and
                 Shmuel S. Oren     and
                 Anya Castillo      and
                 Mehrdad Pirnia     and
                 Clay Campaigne},
  title       = {Optimal Transmission Switching Using the {IV‐ACOPF} Linearization -- Optimal Power Flow Paper 10},
  journal     = {Federal Energy Regulatory Commission},
  institution = {FERC},
  url         = {https://www.ferc.gov/industries/electric/indus-act/market-planning/opf-papers/acopf-10.pdf},
  pages       = {1--59},
  year        = {2013}
}

@techreport{Nei13,
  author      = {Richard P O'Neill  and
                 Anya Castillo      and 
                 Mary Cain},
  title       = {A Note on the Computational Testing of {AC} Optimal Power Flow Using the Current Voltage Formulations},
  journal     = {Federal Energy Regulatory Commission},
  institution = {FERC},
  url         = {https://www.ferc.gov/industries/electric/indus-act/market-planning/opf-papers/acopf-11.pdf},
  pages       = {1--9},
  year        = {2013}
}

%DBLP:journals/corr/cs-DS-0207078
@article{Ben02,
  author      = {Andr{\'a}s A. Bencz{\'{u}}r and 
                 David R. Karger},
  title       = {Randomized Approximation Schemes for Cuts and Flows in Capacitated Graphs},
  journal     = {CoRR},
  volume      = {cs.DS/0207078},
  archivePrefix = {arXiv},
  eprint      = {0207078},
  year        = {2002}
}

%?
@techreport{Ros83,
  author      = {C. A. Rossier and 
                 A. Germond},
  title       = {Network Topology Optimization for Power System Security Enhancement},
  year        = {1983}
}

%https://www.osti.gov/servlets/purl/7047233
@techreport{Dem77,
  author      = {Benjamin Dembart   and 
                 Albert M. Erisman  and 
                 Esko G. Cate       and 
                 Michael A. Epton   and 
                 Herman Dommel},
  title       = {Power system dynamic analysis: {P}hase {I}. Final report}, 
  institution = {Boeing Computer Services, Inc., Seattle, Wash.(USA). Energy Technology Applications Div.},
  year        = {1977}
}

%http://www.worldcat.org/title/on-line-stability-analysis-study-rp90-1-october-12-1970/oclc/18044072
%http://ieeexplore.ieee.org/stamp/stamp.jsp?arnumber=6369454
@techreport{Bil70,
  author      = {Glenn W. Bills},
  title       = {On-line stability analysis study, {RP} 90-1},
  series      = {{EPRI} report, {RP} 901-1.},
  publisher   = {Palo Alto, California : Electric Power Research Institute},
  institution = {North American Rockwell Information Systems Co., Anaheim, CA (USA)},
  place       = {United States},
  year        = {1970}
}

% Eugene Peter Durbin
@techreport{Dur67,
  author      = {Eugene P. Durbin and 
                 David M. Kroenke},
  title       = {The Out-of-kilter algorithm: {A} Primer},
  institution = {Santa Monica, CA: RAND Corporation},
  url         = {https://www.rand.org/content/dam/rand/pubs/research_memoranda/2008/RM5472.pdf},
  note        = {https://apps.dtic.mil/docs/citations/AD0663370},
  year        = {1967}
}

@techreport{Gol89b,
  title       = {Network Flow Algorithms},
  author      = {Andrew V. Goldberg and 
                 {\'E}va Tardos     and 
                 Robert E. Tarjan},
  institution = {Princeton University NJ Department of Computer Science},
  numpages    = {80},
  url         = {https://www.researchgate.net/publication/235021228_Network_Flow_Algorithms},
  year        = {1989}
}

%--------------------------------------------------------------------
%PROCEEDINGS: Thesis
%--------------------------------------------------------------------

@misc{Ach07,
  author      = {Tobias Achterberg},
  title       = {Constraint Integer Programming},
  type        = {PhD dissertation},
  doi         = {10.14279/depositonce-1634},
  year        = {2007},
  note        = {Authorized: Berlin, Germany, Technical University of Berlin, Faculty II - Mathematics and Science, Dissertation, 2007},
}

@misc{Blu06,
  author      = {Seth Blumsack},
  title       = {Network topologies and transmission investment under electric-industry restructuring},
  publisher   = {ProQuest},
  type        = {PhD dissertation},
  year        = {2006},
  note        = {Copy, appeared in the publishing company University Microfilms International (UMI), Ann Arbor, Michigan},
  note        = {Authorized: Pittsburgh, Pennsylvania, Carnegie Mellon University, Carnegie Institute of Technology, Dissertation, 2006}
}

@misc{Weg17,
  author      = {Franziska Wegner},
  title       = {Netzwerkplanung in Windparks -- Die L{\"u}cke zwischen Aufwand und Nutzen schlie{\ss}en},
  publisher   = {fuks~e.V.},
  type        = {Magazine},
  year        = {2017},
  note        = {Karlsruher Transfer (KT): Ausgabe 53, Oktober 2017},
}
