%--------------------------------------------------------------------
%Books
%--------------------------------------------------------------------

BibTeX | EndNote | ACM Ref

@book{Fou96,
  author      = {Robert Fourer},
  title       = {{AMPL}:{A} modeling language for mathematical programming},
  address     = {San Francisco, California},
  biburl      = {https://www.bibsonomy.org/bibtex/2a25156d6733530f1d6acc0b68382e2ee/chemstations},
  edition     = {2},
  keywords    = {AMPL},
  publisher   = {San Francisco, California : Scientific Pr.},
  year        = {1996}
}



@book{Ahu93,
  author      = {Ravindra K. Ahuja  and 
                 Thomas L. Magnanti and 
                 James B. Orlin},
  title       = {Network Flows: {T}heory, Algorithms, and Applications},
  year        = {1993},
  isbn        = {0-13-617549-X},
  publisher   = {Prentice-Hall, Inc.},
  address     = {Upper Saddle River, NJ, USA},
} 
[download]

@book{Bat98,
  author      = {Giuseppe Di Battista and 
                 Peter Eades          and 
                 Roberto Tamassia     and 
                 Ioannis G. Tollis},
  title       = {Graph Drawing: {A}lgorithms for the Visualization of Graphs},
  edition     = {1st},
  publisher   = {Prentice Hall PTR},
  address     = {Upper Saddle River, NJ, USA},
  isbn        = {0133016153},
  year        = {1998}
} 

@book{Sch03,
  title       = {Combinatorial Optimization: {P}olyhedra and Efficiency},
  author      = {Alexander Schrijver},
  number      = {v. 1},
  isbn        = {3-540-44389-4},
  issn        = {0937-5511},
  lccn        = {2002036693},
  series      = {Algorithms and Combinatorics},
  year        = {2003},
  publisher   = {Springer}
}

@book{Cyg15,
  author      = {Marek Cygan        and 
                 Fedor V. Fomin     and 
                 Lukasz Kowalik     and 
                 Daniel Lokshtanov  and 
                 Daniel Marx        and 
                 Marcin Pilipczuk   and 
                 Michal Pilipczuk   and 
                 Saket Saurabh},
  title       = {Parameterized Algorithms},
  isbn        = {3319212745},
  edition     = {1st},
  publisher   = {Springer Publishing Company, Incorporated},
  year        = {2015}
} 

@book{Str18,
  author      = {Steven H. Strogatz},
  title       = {Nonlinear Dynamics and Chaos: With Applications to Physics, Biology, Chemistry, and Engineering},
  publisher   = {CRC Press},
  isbn        = {9780429961113},
  year        = {2018}
}

@Inbook{Fel13,
  author      = {Stefan Felsner},
  editor      = {J{\'a}nos Pach},
  title       = {Rectangle and Square Representations of Planar Graphs},
  bookTitle   = {Thirty Essays on Geometric Graph Theory},
  publisher   = {Springer},
  address     = {New York, NY},
  isbn        = {978-1-4614-0110-0},
  doi         = {10.1007/978-1-4614-0110-0_12},
  pages       = {213--248},
  year        = {2013}
}

@book{Gro01,
  author      = {Jonathan L. Gross and 
                 Thomas W. Tucker},
  title       = {Topological graph theory},
  year        = {2001},
  publisher   = {Courier Corporation}
}

@book{Roc84,
  author      = {R. Tyrrell Rockafellar},
  title       = {Network Flows and Monotropic Optimization},
  number      = {1-237},
  year        = {1984},
  publisher   = {Wiley-Interscience},
  isbn        = {1-886529-06-X},
}

@book{Kor00,
  author      = {Bernhard Korte and 
                 Jens Vygen},
  title       = {Combinatorial Optimization: {T}heory and Algorithms},
  edition     = {1th},
  publisher   = {Springer Publishing Company, Incorporated},
  isbn        = {3-540-67226-5},
  issn        = {0937-5511},
  year        = {2000}
} 

@book{Nov12,
  author      = {Alexander Novitskiy  and 
                 Dorothee Arlt        and 
                 Jens Wolling         and 
                 Dirk Westermann},
  title       = {Freileitungen oder Erdkabelleitungen? -- Eine Metastudie Ã¼ber die Kriterien und Ergebnisse von Untersuchungen zum Netzausbau},
  publisher   = {Universit{\"a}tsverlag Ilmenau},
  isbn        = {978-3-86360-029-7},
  issn        = {2194-2838},
  pages       = {150},
  year        = {2012}
}

@book{Ses61,
  author      = {Sundaram Seshu and 
                 Myril B. Reed},
  title       = {Linear graphs and electrical networks},
  publisher   = {Addison-Wesley Publishing Company},
  year        = {1961}
}

@book{Gom63,
  author      = {Ralph E. Gomory},
  editor      = {Robert L. Graves and 
                 Philip Wolfe},
  title       = {An Algorithm for Integer Solutions to Linear Programs},
  booktitle   = {Recent Advance in Mathematical Programming},
  publisher   = {McGraw-Hill},
  volume      = {64},
  pages       = {269--302},
  year        = {1963}
}

%series      = {Pure and applied mathematics; 16},
%address     = {London},
%publisher   = {Interscience Publ.},
@book{Gru67,
  author      = {Branko Gr{\"{u}}nbaum},
  title       = {Convex Polytopes},
  series      = {Graduate Texts in Mathematics},
  publisher   = {Springer},
  isbn        = {978-0-38740409-7},
  lccn        = {67020423},
  year        = {1967}
}

@book{Gru03,
  author      = {Branko Gr{\"{u}}nbaum and 
                 Volker Kaibel},
  title       = {Convex polytopes},
  edition     = {2. ed. / prepared by Volker Kaibel},
  publisher   = {Springer},
  address     = {New York},
  series      = {Graduate texts in mathematics; 221},
  doi         = {10.1007/978-1-4613-0019-9},
  isbn        = {978-0-38700424-2},
  issn        = {0072-5285},
  pages       = {XVI, 466 S.},
  year        = {2003},
  note        = {Includes bibliographical references and index. - Previous ed.: s.l.: Wiley, 1967},
}

@book{Mar67,
  author      = {James Martin},
  title       = {Design of real-time computer systems},
  series      = {Prentice-Hall series in automatic computation},
  publisher   = {Prentice-Hall},
  iccn        = {67018923},
  year        = {1967}
}

@book{Fri79,
  author      = {Stephen  H. Friedberg and 
                 Arnold   J. Insel     and 
                 Lawrence E. Spence},
  title       = {Linear Algebra},
  series      = {Featured Titles for Linear Algebra (Advanced) Series},
  size        = {XIV, pages 514},
  publisher   = {Pearson Education},
  isbn        = {0-13537019-1},
  lccn        = {96026503},
  year        = {1979}
}

@book{Gar79,
 author       = {Michael R. Garey and 
                 David S. Johnson},
 title        = {Computers and Intractability: {A} Guide to the Theory of {NP}-Completeness},
 publisher    = {W. H. Freeman \& Co.},
 isbn         = {0-71671044-7},
 address      = {New York, NY, USA},
 year         = {1979}
} 

@book{Rei83,
  author      = {Kurt Reidemeister},
  title       = {Knot theory},
  publisher   = {BCS Associates Moscow, Idaho},
  year        = {1983}
}

@book{Cha83,
  author      = {Vira Chankong and 
                 Yacov Y. Haimes},
  title       = {Multiobjective decision making: {T}heory and methodology},
  series      = {North-Holland series in system science and engineering},
  isbn        = {978-0-44400710-0},
  lccn        = {82002536},
  url         = {http://books.google.de/books?id=ZIg-AQAAIAAJ},
  publisher   = {North Holland},
  year        = {1983}
}

% Lester Randolph Ford and Delbert Ray Fulkerson
% 
@Inbook{For87,
  author      = {Lester R. Ford and 
                 Delbert R. Fulkerson},
  editor      = {Ira Gessel and 
                 Gian-Carlo Rota},
  title       = {Maximal Flow Through a Network},
  bookTitle   = {Classic Papers in Combinatorics},
  publisher   = {Birkh{\"{a}}user Boston},
  address     = {Boston, MA},
  isbn        = {978-0-81764842-8},
  doi         = {10.1007/978-0-8176-4842-8\_15},
  note        = {The original paper is from 1956 with the DOI 10.4153/cjm-1956-045-5.},
  pages       = {243--248},
  year        = {1987}
}

@Inbook{Whi87,
  author      = {Hassler Whitney},
  editor      = {Ira Gessel and 
                 Gian-Carlo Rota},
  title       = {On the Abstract Properties of Linear Dependence1},
  bookTitle   = {Classic Papers in Combinatorics},
  publisher   = {Birkh{\"{a}}user Boston},
  address     = {Boston, MA},
  isbn        = {978-0-81764842-8},
  doi         = {10.1007/978-0-8176-4842-8_5},
  pages       = {63--87},
  year        = {1987}
}

%Andrew Douglas Garrad
%https://www.wire.tu-bs.de/forschung/berichte/jb2001.pdf
@book{Gar93,
  author      = {Andrew D. Garrad and 
                 Hermann G. Matthies},
  title       = {Study of offshore wind energy in the European Community ({EC}). {JOULE} {I} ({JOUR} 0072). Executive summary. Offshore wind turbines},
  year        = {1993},
  url         = {https://books.google.de/books?id=SximQwAACAAJ}
}

@book{wood1996power,
  author      = {Allen J. Wood and 
                 Bruce F. Wollenberg},
  title       = {Power Generation, Operation, and Control},
  series      = {A Wiley-Interscience publication},
  publisher   = {Wiley},
  isbn        = {978-0-47158699-9},
  lccn        = {lc95010876},
  year        = {1996}
}

@book{bollobas1998modern,
  author      = {B{\'e}la Bollob{\'a}s},
  title       = {Modern Graph Theory},
  series      = {Graduate Texts in Mathematics},
  publisher   = {Springer New York},
  isbn        = {978-0-38798488-9},
  lccn        = {98011960},
  year        = {1998}
}

@book{Aus99,
  author      = {Giorgio Ausiello             and 
                 Marco Protasi                and 
                 Alberto Marchetti-Spaccamela and 
                 Giorgio Gambosi              and 
                 Pierluigi Crescenzi          and 
                 Viggo Kann},
  title       = {Complexity and Approximation: Combinatorial Optimization Problems and Their Approximability Properties},
  publisher   = {Springer-Verlag},
  address     = {Berlin, Heidelberg},
  edition     = {1st},
  isbn        = {3-54065431-3},
  year        = {1999}
}

@book{gh-ufact-00,
  author      = {Laszlo Gyugyi and 
                 Narain G. Hingorani},
  title       = {Understanding {FACTS}. Concepts and Technology of Flexible {AC} Transmission Systems},
  publisher   = {Wiley-IEEE Press},
  year        = {1999}
}

@book{Brandstadt:1999:GCS:302970,
 author       = {Andreas Brandst{\"{a}}dt and 
                 Van Bang Le              and 
                 Jeremy P. Spinrad},
 title        = {Graph Classes: {A} Survey},
 publisher    = {Society for Industrial and Applied Mathematics},
 isbn         = {0-89871432-X},
 address      = {Philadelphia, PA, USA},
 year         = {1999}
} 

@Inbook{Glover1999,
  author      = {Fred W. Glover and 
                 Manuel Laguna},
  editor      = {Ding-Zhu Du and 
                 Panos M. Pardalos},
  chapter     = {Tabu Search},
  title       = {Handbook of combinatorial optimization: {V}olume 1--3},
  publisher   = {Springer US},
  address     = {Boston, MA},
  doi         = {10.1007/978-1-4613-0303-9_33},
  isbn        = {978-1-46130303-9},
  pages       = {2093--2229},
  year        = {1999}
}

@Inbook{Dorigo2001,
  author      = {Marco Dorigo},
  editor      = {Jozef Kelemen and 
                 Petr Sos{\'i}k},
  chapter     = {Ant Algorithms Solve Difficult Optimization Problems},
  title       = {Advances in artificial life: 6th european conference, {ECAL} {P}rague, {C}zech {R}epublic},
  publisher   = {Springer Berlin Heidelberg},
  address     = {Berlin, Heidelberg},
  doi         = {10.1007/3-540-44811-X_2},
  isbn        = {978-3-540-44811-2},
  pages       = {11--22},
  year        = {2001}
}

@book{west_introduction_2000,
  author      = {Douglas B. West},
  title       = {Introduction to Graph Theory},
  publisher   = {Prentice Hall},
  edition     = {2},
  isbn        = {0-13014400-2},
  year        = {2000}
}

@book{Die05b,
  author      = {Reinhard Diestel},
  title       = {Graph Theory},
  publisher   = {Springer-Verlag, Heidelberg},
  series      = {Graduate Texts in Mathematics},
  edition     = {Electronic Edition 2000},
  isbn        = {0-38798976-5},
  year        = {2000}
} 

@book{Gra03,
  author      = {John J. Grainger and 
                 William D. Stevenson Jr.},
  title       = {Power System Analysis},
  series      = {McGraw-Hill series in electrical and computer engineering: {P}ower and energy},
  isbn        = {978-0-07058515-7},
  publisher   = {McGraw-Hill},
  year        = {2003}
}

@book{Baz04,
  author      = {Mokhtar S. Bazaraa and 
                 John J. Jarvis     and 
                 Hanif D. Sherali},
  title       = {Linear Programming and Network Flows},
  publisher   = {Wiley-Interscience},
  isbn        = {0-47148599-3},
  year        = {2004}
} 

@book{Kor06,
  author      = {Bernhard Korte and 
                 Jens Vygen},
  title       = {Combinatorial Optimization: {T}heory and Algorithms},
  publisher   = {Springer},
  series      = {Algorithms and Combinatorics},
  isbn        = {978-3-54025684-7},
  lccn        = {2005931374},
  year        = {2006}
}

@inbook{Yan08,
  author      = {Won Y. Yang and 
                 Seung C. Lee},
  title       = {Circuit Systems with MATLAB and PSpice},
  publisher   = {John Wiley \& Sons},
  isbn        = {978-0-47082240-1},
  pages       = {256â-261},
  year        = {2008}
}


@inbook{Vos09,
  author      = {Stefan Vo{\ss}},
  editor      = {Christodoulos A. Floudas and Panos M. Pardalos},
  title       = {Capacitated minimum spanning trees},
  booktitle   = {Encyclopedia of Optimization},
  publisher   = {Springer US},
  address     = {Boston, MA},
  isbn        = {978-0-38774759-0},
  doi         = {10.1007/978-0-387-74759-0_62},
  pages       = {347--357},
  year        = {2009}
}

@book{Jue10aa,
  editor      = {Michael J{\"{u}}nger   and 
                 Thomas M. Liebling     and 
                 Denis Naddef           and 
                 George L. Nemhauser    and 
                 William R. Pulleyblank and 
                 Gerhard Reinelt        and 
                 Giovanni Rinaldi       and 
                 Laurence A. Wolsey},
  title       = {50 Years of Integer Programming 1958-2008 -- {F}rom the Early Years to the State-of-the-Art},
  publisher   = {Springer},
  isbn        = {978-3-54068274-5},
  doi         = {10.1007/978-3-540-68279-0},
  year        = {2010}
}

@incollection{Jue10b,
  author      = { Raymond Hemmecke        and 
                  Matthias K{\"{o}}ppe    and 
                  Jon Lee                 and 
                  Robert Weismantel},
  editor      = { Michael J\"unger        and 
                  Thomas M. Liebling      and 
                  Denis Naddef            and 
                  George L. Nemhauser     and 
                  William R. Pulleyblank  and 
                  Gerhard Reinelt         and 
                  Giovanni Rinaldi        and 
                  Laurence A. Wolsey},
  title       = {Nonlinear Integer Programming},
  booktitle   = {50 Years of Integer Programming 1958-2008 -- {F}rom the Early Years to the State-of-the-Art},
  isbn        = {978-3-54068274-5},
  doi         = {10.1007/978-3-540-68279-0_15},
  url         = {http://dx.doi.org/10.1007/978-3-540-68279-0_15},
  publisher   = {Springer Berlin Heidelberg},
  language    = {English},
  pages       = {561--618},
  year        = {2010}
}

@book{Baz11,
  author      = {Mokhtar S. Bazaraa and 
                 John J. Jarvis     and 
                 Hanif D. Sherali},
  title       = {Linear Programming and Network Flows},
  publisher   = {Wiley},
  isbn        = {978-0-47170376-1},
  lccn        = {2009028769},
  year        = {2011}
}

@book{Glo11,
  author      = {J. Duncan Glover   and 
                 Mulukutla S. Sarma and 
                 Thomas J. Overbye},
  title       = {Power System Analysis and Design},
  edition     = {Fifth Edition},
  publisher   = {Cengage Learning},
  isbn        = {978-1-11142579-1},
  lccn        = {2011924686},
  year        = {2012}
}

@book{Rob12,
  author      = {Allan H. Robbins and 
                 Wilhelm C. Miller},
  title       = {Circuit Analysis: Theory and Practice},
  edition     = {Fifth Edition},
  publisher   = {Cengage Learning},
  isbn        = {1-28540192-1},
  year        = {2012}
}

@incollection{Chi13,
  author      = {Markus Chimani     and 
                 Carsten Gutwenger  and 
                 Michael J{\"{u}}nger and 
                 Gunnar W. Klau     and 
                 Karsten Klein      and 
                 Petra Mutzel}, 
  editor      = {Roberto Tamassia},
  title       = {The open graph drawing framework ({OGDF})},
  booktitle   = {Handbook of Graph Drawing and Visualization},
  publisher   = {CRC Press},
  chapter     = {17},
  pages       = {543--569},
  year        = {2013}
}

@book{Tam13,
  editor      = {Roberto Tamassia},
  title       = {Handbook on graph drawing and visualization},
  publisher   = {Chapman and Hall/CRC},
  isbn        = {978-1-58488412-5},
  year        = {2013}
}

@book{Woo13,
  author      = {Allen J. Wood       and 
                 Bruce F. Wollenberg and 
                 Gerald B. Shebl{\'e}},
  title       = {Power Generation, Operation, and Control},
  edition     = {Third},
  publisher   = {Wiley},
  isbn        = {978-1-11873391-2},
  lccn        = {2013020576},
  year        = {2013}
}

@book{crow2015computational,
  author      = {Mariesa L. Crow},
  title       = {Computational Methods for Electric Power Systems},
  edition     = {Third Edition},
  publisher   = {CRC Press},
  series      = {Electric Power Engineering Series},
  isbn        = {978-1-49871160-9},
  year        = {2015}
}

@book{Bax16,
  author      = {Rodney J. Baxter},
  title       = {Exactly solved models in statistical mechanics},
  publisher   = {Elsevier},
  year        = {2016}
}

@book{Els17,
  title       = {Blackout},
  author      = {Marc Elsberg},
  series      = {Thorndike Press Large Print Core Series},
  publisher   = {Thorndike Press},
  isbn        = {978-1-43284242-0},
  lccn        = {2017023404},
  year        = {2017},
}


@inbook{Tim18,
  author      = {Marc Timme},
  editor      = {Stefan Harfst and 
                 Alexander K. Hartmann},
  title       = {Collective Dynamics of Power Grids --Paradoxes and Challenges for Data Analysis and Modeling},
  bookTitle   = {Modern Computational Science -- Energy of the Future},
  publisher   = {BIS-Verlag der Carl von Ossietzky Universit{\"{a}}t Oldenburg},
  address     = {Oldenburg},
  isbn        = {978-3-81422370-4},
  doi         = {},
  pages       = {231--260},
  year        = {2018}
}

@book{Mol19,
  author      = {Daniel K. Molzahn and 
                 Ian A. Hiskens},
  title       = {A Survey of Relaxations and Approximations of the Power Flow Equations},
  journal     = {Foundations and Trends\textsuperscript{\tiny\textregistered} in Electric Energy Systems},
  volume      = {4},
  number      = {1-2},
  doi         = {10.1561/3100000012},
  isbn        = {978-1-68083540-3},
  issn        = {2332-6557},
  pages       = {1--221},
  year        = {2019}

}

@book{Kuh16,
  title       = {Linear Inequalities and Related Systems},
  author      = {Harold William Kuhn and 
                 Albert William Tucker},
  volume      = {38},
  publisher   = {Princeton University Press},
  address     = {Princeton},
  isbn        = {978-1-40088198-7},
  issn        = {0066-2313},
  doi         = {10.1515/9781400881987},
  numpages    = {322},
  note        = {Copyright 1957},
  year        = {2016}
}

@inbook{Dan57,
  author      = {George B. Dantzig and
                 Delbert R. Fulkerson},
  editor      = {Harold William Kuhn and 
                 Albert William Tucker},
  title       = {On the Max-Flow Min-Cut Theorem of Networks},
  bookTitle   = {Linear Inequalities and Related Systems},
  volume      = {38},
  publisher   = {Princeton University Press},
  address     = {Princeton},
  isbn        = {978-1-40088198-7},
  issn        = {0066-2313},
  doi         = {10.1515/9781400881987-013},
  pages       = {215--222},
  year        = {1957}
}
