@misc{online:Hof19,
  author        = {Remco van der Hofstad},
  title         = {Random Graphs and Complex Networks},
  type          = {\textit{@ONLINE}},
  note          = {\url{https://www.win.tue.nl/~rhofstad/NotesRGCN.pdf}, Accessed: 2019-09-13},
  year          = {2019}
}

@misc{online:Paf13,
  author        = {Andreas Paffenholz},
  title         = {Polyhedral Geometry and Linear Optimization -- Summer Semester 2010},
  type          = {\textit{@ONLINE}},
  note          = {\url{https://www2.mathematik.tu-darmstadt.de/~paffenholz/daten/preprints/ln.pdf}, Accessed: 2019-09-11},
  year          = {2013}
}

@misc{online:japans-incompatible-power-grid,
  author        = {Alice Gordenker},
  title         = {Japan's incompatible power grids},
  type          = {\textit{@ONLINE}},
  note          = {\url{https://www.japantimes.co.jp/news/2011/07/19/reference/japans-incompatible-power-grids/\#.XtZpBC-w01I}, Accessed: 2019-08-28},
  year          = {2019}
}

@misc{online:offshore-wind-farm:german-bight,
  author        = {Maximilian D{\"{o}}rrbecker},
  title         = {Map of the offshore wind power farms in the German Bight},
  type          = {\textit{@ONLINE}},
  note          = {\url{https://en.wikipedia.org/wiki/File:Map\_of\_the\_offshore\_wind\_power\_farms\_in\_the\_German\_Bight.png\#/media/File:Map\_of\_the\_offshore\_wind\_power\_farms\_in\_the\_German\_Bight.png}, Accessed: 2017-05-17},
  year          = {2017}
}

@misc{online:europe:project132:hvdc-line-a-north,
  author        = {entsoe},
  title         = {Project 132 -- HVDC Line A-North},
  type          = {\textit{@ONLINE}},
  note          = {\url{https://tyndp.entsoe.eu/tyndp2018/projects/projects/132}, Accessed: 2019-06-05},
  year          = {2019}
}

@misc{online:europe:project235:HVDC_SuedLink_Brunsbuettel_Wilster-to-Grossgartach_Grafenrheinfeld,
  author        = {entsoe},
  title         = {Project 235 - HVDC SuedLink Brunsb{\"{u}}ttel/Wilster to Gro{\ss}gartach/Grafenrheinfeld},
  type          = {\textit{@ONLINE}},
  note          = {\url{https://tyndp.entsoe.eu/tyndp2018/projects/projects/235}, Accessed: 2019-06-05},
  year          = {2019}
}

@misc{online:europe:TYNDP-2018-Projects-Sheets-166,
  author        = {entsoe},
  title         = {TYNDP 2018 Projects Sheets (166)},
  type          = {\textit{@ONLINE}},
  note          = {\url{https://tyndp.entsoe.eu/tyndp2018/projects/projects}, Accessed: 2019-06-05},
  year          = {2018}
}

@misc{online:europe:north-south-interconnections,
  author        = {entsoe},
  title         = {North-South interconnections in Western Europe--regional planning},
  type          = {\textit{@ONLINE}},
  note          = {\url{https://tyndp.entsoe.eu/2016/insight-reports/north-south-interconnection-western/}, Accessed: 2019-06-05},
  year          = {2019}
}

@misc{online:gridFrequency,
  author        = {Markus Jaschinsky},
  title         = {Netzfrequenz (engl. grid frequency)},
  type          = {\textit{@ONLINE}},
  note          = {\url{https://www.netzfrequenz.info/aktuelle-netzfrequenz-full}, Accessed: 2019-05-12},
  year          = {2019}
}

@misc{berzan,
  author        = {Constantin Berzan      and 
                   Kalyan Veeramachaneni  and 
                   James McDermott        and 
                   Una-May O'Reilly}, 
  title         = {Algorithms for cable network design on large-scale wind farms},
  howpublished  = {\textit{@TECHREPORT}},
  year          = {},
  note          = {\url{http://thirld.com/files/msrp_techreport.pdf}, Accessed: 2016-01-04}
}

@misc{online:TheUniversityOfEdinburgh:SchoolOfMathematics:PowerSystemsTestCaseArchive,
  author        = {The University Of Edinburgh -- School of Mathematics},
  title         = {Power System Test Case Archive},
  type          = {\textit{@ONLINE}},
  note          = {\url{http://www.maths.ed.ac.uk/optenergy/NetworkData/}, Verion: March 31, 2013, Accessed: 2018-01-11},
  year          = {2013}
}

@misc{online:ISGCI:Information_System_on_Graph_Class_Inclusions:V2_0,
  author        = {{ISGCI}: Information System on Graph Class Inclusions},
  title         = {List of Small Graphs},
  type          = {\textit{@ONLINE}},
  note          = {\url{http://www.graphclasses.org/smallgraphs.html}, Verion: 2.0, Accessed: 2017-12-03},
  year          = {1999}
}

@misc{fercOpf,
  author        = {Federal Energy Regulatory Commission},
  title         = {Optimal Power Flow and Formulation Papers},
  type          = {\textit{@ONLINE}},
  note          = {\url{https://www.ferc.gov/industries/electric/indus-act/market-planning/opf-papers.asp}, Accessed: 2019-06-19},
  year          = {2019}
}

@misc{online:eeg2014,
  author        = {Bundesministerium der Justiz und f{\"{u}}r Verbraucherschutz},
  title         = {Gesetz f{\"{u}}r den Ausbau erneuerbarer Energien (Erneuerbare-Energien-Gesetz -- {EEG} 2014) § 1 Zweck und Ziel des Gesetzes (engl. Act for the expansion of the renewable energy (German renewable energy sources act -- {EEG} 2014) § 1 aim and goal of the act)},
  type          = {\textit{@ONLINE}},
  note          = {\url{http://www.gesetze-im-internet.de/eeg_2014/__1.html}, Accessed: 2016-10-24},
  year          = {2014}
}

@misc{online:offshore-windfarm-db,
  author        = {4C Offshore Ltd.},
  title         = {Global offshore wind farms database},
  type          = {\textit{@ONLINE}},
  note          = {\url{http://www.4coffshore.com/offshorewind/}, Accessed: 2016-10-24},
  year          = {2016}
}

@misc{online:bard-offshore-1,
  author        = {4C Offshore Ltd.},
  title         = {{BARD} offshore 1 offshore wind farm},
  type          = {\textit{@ONLINE}},
  note          = {\url{http://www.4coffshore.com/windfarms/bard-offshore-1-germany-de23.html}, Accessed: 2017-04-19},
  year          = {2016}
}

@misc{online:trianel-windpark-borkum-1,
  author        = {4C Offshore Ltd.},
  title         = {Trianel windpark {B}orkum {I} offshore wind farm},
  type          = {\textit{@ONLINE}},
  note          = {\url{http://www.4coffshore.com/windfarms/trianel-windpark-borkum-i-germany-de27.html}, Accessed: 2017-04-19},
  year          = {2016}
}

@misc{online:global-tech-1,
  author        = {4C Offshore Ltd.},
  title         = {Global tech {I} offshore wind farm},
  type          = {\textit{@ONLINE}},
  note          = {\url{http://www.4coffshore.com/windfarms/global-tech-i-germany-de09.html}, Accessed: 2017-04-19},
  year          = {2016}
}

@misc{online:hornsea-project-one,
  author        = {DONG Energy Hornsea Project One (UK) Ltd.},
  title         = {Hornsea project one},
  type          = {\textit{@ONLINE}},
  note          = {\url{https://assets.dongenergy.com/DONGEnergyDocuments/horns/Hornsea\%20Project\%20One\%20project\%20summary.pdf}, Accessed: 2016-10-24},
  year          = {2016}
}

@misc{online:hornsea-project-three,
  author        = {DONG Energy Hornsea Project One (UK) Ltd.},
  title         = {Hornsea project three},
  type          = {\textit{@ONLINE}},
  note          = {\url{http://www.dongenergy.co.uk/uk-business-activities/wind-power/offshore-wind-farms-in-the-uk/hornsea-project-three-development}, Accessed: 2016-10-24},
  year          = {2016}
}

@misc{online:wind-europe-key-trend-H1-2016,
  author        = {WindEurope asbl/vzw},
  title         = {The european offshore wind industry -- {K}ey trends and statistics 1st half 2016},
  type          = {\textit{@ONLINE}},
  note          = {\url{https://windeurope.org/wp-content/uploads/files/about-wind/statistics/WindEurope-mid-year-offshore-statistics-2016.pdf}, Accessed: 2016-10-24},
  year          = {2016}
}

@misc{online:iwr_offshore_windindustrie_current_world_data,
  author        = {Internationales Wirtschaftsforum Regenerative Energien ({IWR}) / {IWR.de GmbH}},
  title         = {Windparks},
  type          = {\textit{@ONLINE}},
  note          = {\url{http://www.offshore-windindustrie.de/windparks}, Accessed: 2016-10-25},
  year          = {2016}
}

@misc{online:iwr-offshore-windindustrie-future-europe-data,
  author        = {Internationales Wirtschaftsforum Regenerative Energien ({IWR}) / {IWR.de GmbH}},
  title         = {Offshore-windparks europa},
  type          = {\textit{@ONLINE}},
  note          = {\url{http://www.offshore-windindustrie.de/windparks/europa}, Accessed: 2016-10-25},
  year          = {2016}
}

@misc{online:chinas-state-grid-envisions-global-wind-and-sun-power-network-1459348941,
  author        = {B. Spegele},
  title         = {China's state grid envisions global wind-and-sun power network},
  organization  = {The Wall Street Journal},
  type          = {\textit{@ONLINE}},
  note          = {\url{http://www.wsj.com/articles/chinas-state-grid-envisions-global-wind-and-sun-power-network-1459348941}, Accessed: 2016-10-31},
  year          = {2016}
}

@misc{online:juris-eeg2017-zweck-und-ziel-des-gesetzes,
  author        = {Bundesministerium der Justiz und für Verbraucherschutz},
  title         = {Gesetz f{\"{u}}r den Ausbau erneuerbarer Energien (Erneuerbare-Energien-Gesetz -- {EEG} 2017)},
  type          = {\textit{@ONLINE}},
  note          = {\url{http://www.gesetze-im-internet.de/eeg\_2014/\_\_1.html}, Accessed: 2016-11-03},
  year          = {2016}
}

@misc{online:BARD1substation,
  author        = {4C Offshore Ltd.},
  title         = {{BARD} 1 substation},
  type          = {\textit{@ONLINE}},
  note          = {\url{http://www.4coffshore.com/windfarms/substation-bard-1-substation--sid101.html}, Accessed: 2016-11-04},
  year          = {2016}
}

@misc{online:Enerdata2016,
  author        = {Enerdata},
  title         = {Global energy statistical yearbook 2016},
  type          = {\textit{@ONLINE}},
  note          = {\url{https://yearbook.enerdata.net}, Accessed: 2016-11-17},
  year          = {2016}
}

@misc{online:gansu,
  author        = {Xinhua},
  title         = {Jiuquan wind power base completes first stage},
  organization  = {China Daily},
  type          = {\textit{@ONLINE}},
  note          = {\url{http://www.chinadaily.com.cn/bizchina/2010-11/04/content\_11502951.htm}, Accessed: 2017-04-18},
  year          = {2010}
}

@misc{online:cost-cables-black-nubble-wind-farm,
  author        = {E$\cdot$PRO -- Engineering \& Environmental Consulting, {LLC}},
  title         = {Preliminary engineering for the redington wind farm 34.5 {kV} collector system and 115 {kV} interconnection facility 90 {MW} facility},
  organization  = {Maine},
  type          = {\textit{@ONLINE}},
  year          = {2005},
  note          = {\url{http://www.maine.gov/dacf/lupc/projects/windpower/redington/Documents/Section01\_Development\_Description/Development\_Electric/E\_Pro\_Reports/Electrical\_Power\_Line\_Report\_Final\_Draft.pdf}, Accessed: 2016-11-01}
}

%Ray Daniel Zimmerman, Carlos Edmundo Murillo-Sanchez, Robert John Thomas
@misc{Zimmerman2011,
  author      = {Ray D. Zimmerman      and 
                 Carlos E. Murillo-Sanchez},
  title       = {{MATPOWER} User's Manual},
  annote      = {MATPOWER manual for MATLAB},
  pages       = {1--116},
  note        = {\url{http://www.pserc.cornell.edu/matpower/}},
  year        = {2011}
}

%FACTS

@misc{online:digsilent,
  author      = {DIgSILENT},
  title       = {{DIgSILENT} -- {H}ome},
  type        = {\textit{@ONLINE}},
  note        = {\url{http://www.digsilent.de}, Accessed: 2014-08-26},
  year        = {2014}
}

@misc{online:lemon,
  author      = {Egerv{\'a}ry Research Group on Combinatorial Optimization},
  title       = {{Lemon -- Graph Library}},
  type        = {\textit{@ONLINE}},
  note        = {\url{http://lemon.cs.elte.hu/trac/lemon}, Accessed: 2014-10-24},
  year        = {2014}
}

@misc{online:Gurobi,
  author      = {GUROBI Optimization, Inc.},
  title       = {GUROBI OPTIMIZER -- {S}tate of the Art Mathematical Programming Solver},
  type        = {\textit{@ONLINE}},
  note        = {\url{http://www.gurobi.com/products/gurobi-optimizer/gurobi-overview}, Accessed 2013-08-06},
  year        = {2013}
}

@misc{gurobi,
  author        = {Gurobi Optimization, Inc.},
  title         = {Gurobi optimizer reference manual},
  type          = {\textit{@ONLINE}},
  note          = {\url{http://www.gurobi.com}, Accessed: 2017-01-14},
  year          = {2016}
}

@misc{online:eia-kwhprices,
  author      = {U.S. Energy Information Administration},
  title       = {Electricity Monthly Update},
  type        = {\textit{@ONLINE}},
  note        = {\url{http://www.eia.gov/electricity/monthly/update/end_use.cfm\#tabs_prices-3}, accessed 2014-12-21},
  year        = {2014}
}

@misc{online:IEEEtestData, 
  author      = {University of Washington, Department of Electrical Engineering},
  title       = {Power Systems Test Case Archive},
  type        = {\textit{@ONLINE}},
  note        = {\url{http://www.ee.washington.edu/research/pstca/}, accessed 2014-12-2},
  year        = {2014}
}

@misc{online:MATPOWER, 
  author      = {Ray D. Zimmerman               and 
                 Carlos E. Murillo-S{\'a}nchez  and
                 Deqiang Gan},
  title       = {{MATPOWER} -- {A} MATLAB Power System Simulation Package},
  type        = {\textit{@ONLINE}},
  note        = {\url{http://www.pserc.cornell.edu/matpower/}, accessed 2014-12-21},
  year        = {2014}
}

@misc{online:pypower, 
  author      = {R. Lincoln},
  title       = {{PYPOWER 4.0.0}},
  type        = {\textit{@ONLINE}},
  note        = {\url{https://pypi.python.org/pypi/PYPOWER/4.0.0}, accessed 2015-01-01},
  year        = {2011}
}

%online:offshore-windindustrie
@misc{online:iwr-offshore-windindustrie-current-world-data,
  title       =    {Windparks},
  author      =   {Internationales Wirtschaftsforum Regenerative Energien (IWR) / IWR.de GmbH},
  type        = {\textit{@ONLINE}},
  year        =   {2016},
  note        =   {\url{http://www.offshore-windindustrie.de/windparks}, Accessed: 2016-10-25}
}