@misc{gritzbach2019engineering,
    AUTHOR          = {Sascha Gritzbach and 
                       Torsten Ueckerdt and 
                       Dorothea Wagner  and 
                       Franziska Wegner and 
                       Matthias Wolf},
    TITLE           = {{Engineering Negative Cycle Canceling for Wind Farm Cabling}},
    YEAR            = {2019},
    EPRINT          = {1908.02129},
    ARCHIVEPREFIX   = {arXiv},
    PRIMARYCLASS    = {cs.DS}
}

@ARTICLE{hmmpww-pagmo-17,
    AUTHOR      = {S{\"o}ren Hohmann    and 
                   Heiko Maa{\ss}       and 
                   Carina Mieth         and 
                   Martin Pfeifer       and 
                   Dorothea Wagner},
    TITLE       = {{Poster Abstract: Graph-theoretic Model for Observability in Multi-car\-ri\-er Energy Distribution Networks}},
    JOURNAL     = {Computer Science - Research and Development},
    URL         = {https://doi.org/10.1007/s00450-017-0366-3},
    YEAR        = {2017},
    keywords    = {fw}
}

@ARTICLE{bbgrw-sevir-18,
    AUTHOR      = {Moritz Baum          and 
                   Thomas Bl{\"a}sius   and 
                   Andreas Gemsa        and 
                   Ignaz Rutter},
    TITLE       = {{Scalable Exact Visualization of Isocontours in Road Networks via Min\-imum-Link Paths}},
    JOURNAL     = {Journal of Computational Geometry},
    NUMBER      = {1},
    PAGES       = {24--70},
    URL         = {http://jocg.org/index.php/jocg/article/view/313},
    VOLUME      = {9},
    YEAR        = {2018},
    keywords    = {fw}
}

@INPROCEEDINGS{lrww-asaba-17,
    AUTHOR      = {Sebastian Lehmann    and 
                   Ignaz Rutter         and 
                   Dorothea Wagner},
    TITLE       = {{A Simulated-Annealing-Based Approach for Wind Farm Cabling}},
    BOOKTITLE   = {Proceedings of the 8th ACM e-Energy International Conference on Future Energy Systems (ACM eEnergy'17)},
    KEY         = {ACM FES'17},
    PUBLISHER   = {ACM Press},
    YEAR        = {2017},
    PAGES       = {203--215},
    URL         = {https://doi.org/10.1145/3077839.3077843},
    keywords    = {fw}
}

@INPROCEEDINGS{swgw-artcp-17,
    AUTHOR      = {Philipp Staudt       and 
                   Johannes Garttner    and 
                   Christof Weinhardt},
    TITLE       = {{Analysis of Redispatch and Transmission Capacity Pricing on a Local Electricity Market Setup}},
    BOOKTITLE   = {14th International Conference on the European Energy Market},
    KEY         = {EEM'17},
    PUBLISHER   = {IEEE},
    YEAR        = {2017},
    PAGES       = {1--6},
    URL         = {http://doi.org/10.1109/EEM.2017.7981959},
    keywords    = {fw}
}

@INPROCEEDINGS{bbgrw-cmlsp-16,
    AUTHOR      = {Moritz Baum          and 
                   Thomas Bl{\"a}sius   and 
                   Andreas Gemsa        and 
                   Ignaz Rutter},
    TITLE       = {{Computing Minimum-Link Separating Polygons in Practice}},
    BOOKTITLE   = {Proceedings of the 32nd European Workshop on Computational Geometry (EuroCG'16)},
    KEY         = {EuroCG'16},
    YEAR        = {2016},
    PDF         = {http://www.eurocg2016.usi.ch/sites/default/files/paper_61.pdf},
    keywords    = {fw}
}

@INPROCEEDINGS{lmmnrsww-opgfc-15,
    AUTHOR      = {Thomas Leibfried         and 
                   Tamara Mchedlidze        and 
                   Nico Meyer-H{\"u}bner    and 
                   Martin N{\"o}llenburg    and 
                   Ignaz Rutter             and 
                   Peter Sanders            and 
                   Dorothea Wagner},
    TITLE       = {{Operating Power Grids with few Flow Control Buses}},
    BOOKTITLE   = {Proceedings of the 6th ACM e-Energy International Conference on Future Energy Systems},
    KEY         = {ACM FES'15},
    PUBLISHER   = {ACM Press},
    YEAR        = {2015},
    NOTE        = {Full version available at \url{http://arxiv.org/abs/1505.05747}.},
    PAGES       = {289--294},
    URL         = {http://doi.acm.org/10.1145/2768510.2768521},
    keywords    = {fw}
}

@INPROCEEDINGS{bbgrw-sevis-16,
    AUTHOR      = {Moritz Baum          and 
                   Thomas Bl{\"a}sius   and 
                   Andreas Gemsa        and 
                   Ignaz Rutter},
    TITLE       = {{Scalable Exact Visualization of Isocontours in Road Networks via Min\-imum-Link Paths}},
    BOOKTITLE   = {Proceedings of the 24th Annual European Symposium on Algorithms (ESA'16)},
    KEY         = {ESA'16},
    PUBLISHER   = {Schloss Dagstuhl - Leibniz-Zentrum f{\"u}r Informatik},
    SERIES      = {Leibniz International Proceedings in Informatics},
    VOLUME      = {57},
    YEAR        = {2016},
    PAGES       = {7:1--7:18},
    PDF         = {http://drops.dagstuhl.de/opus/volltexte/2016/6349/pdf/LIPIcs-ESA-2016-7.pdf},
    URL         = {http://drops.dagstuhl.de/opus/frontdoor.php?source_opus=6349},
    keywords    = {fw}
}

@INPROCEEDINGS{grwww-tmtsf-18,
    AUTHOR      = {Alban Grastien   and 
                   Ignaz Rutter     and 
                   Dorothea Wagner  and 
                   Matthias Wolf},
    TITLE       = {{The Maximum Transmission Switching Flow Problem}},
    BOOKTITLE   = {Proceedings of the 9th ACM e-Energy International Conference on Future Energy Systems (ACM e-Energy'18)},
    KEY         = {ACM FES'18},
    PUBLISHER   = {ACM Press},
    YEAR        = {2018},
    PAGES       = {340--360},
    URL         = {https://doi.org/10.1145/3208903.3208910},
    keywords    = {fw}
}

@INPROCEEDINGS{guwww-t-18,
    AUTHOR      = {Sascha Gritzbach and 
                   Torsten Ueckerdt and 
                   Dorothea Wagner  and 
                   Matthias Wolf},
    TITLE       = {{Towards Negative Cycle Canceling in Wind Farm Cable Layout Optimization}},
    BOOKTITLE   = {Proceedings of the 7th DACH+ Conference on Energy Informatics},
    KEY         = {EI'18},
    PUBLISHER   = {Springer},
    VOLUME      = {1 (Suppl 1)},
    YEAR        = {2018},
    URL         = {https://energyinformatics.springeropen.com/articles/10.1186/s42162-018-0030-6},
    keywords    = {fw}
}

@INPROCEEDINGS{mnrww-trfcp-15,
    AUTHOR      = {Tamara Mchedlidze        and 
                   Martin N{\"o}llenburg    and 
                   Ignaz Rutter             and 
                   Dorothea Wagner},
    TITLE       = {{Towards Realistic Flow Control in Power Grid Operation}},
    BOOKTITLE   = {Proceedings of the 4th D-A-CH Conference on Energy Informatics},
    KEY         = {EI'15},
    PUBLISHER   = {Springer},
    SERIES      = {Lecture Notes in Computer Science},
    VOLUME      = {9424},
    YEAR        = {2015},
    PAGES       = {192--199},
    URL         = {http://dx.doi.org/10.1007/978-3-319-25876-8_16},
    keywords    = {fw}
}

@TECHREPORT{lmmnrsww-opgff-15,
    AUTHOR      = {Thomas Leibfried         and 
                   Tamara Mchedlidze        and 
                   Nico Meyer-H{\"u}bner    and 
                   Martin N{\"o}llenburg    and 
                   Ignaz Rutter             and 
                   Peter Sanders            and 
                   Dorothea Wagner},
    TITLE       = {{Operating Power Grids with Few Flow Control Buses}},
    INSTITUTION = {ArXiv e-prints},
    NUMBER      = {1505.05747},
    PDF         = {http://arxiv.org/pdf/1505.05747v1.pdf},
    URL         = {http://arxiv.org/abs/1505.05747},
    YEAR        = {2015},
    keywords    = {fw}
}

@TECHREPORT{bbgrw-sivrn-16,
    AUTHOR      = {Moritz Baum          and 
                   Thomas Bl{\"a}sius   and 
                   Andreas Gemsa        and 
                   Ignaz Rutter},
    TITLE       = {{Scalable Isocontour Visualization in Road Networks via Minimum-Link Paths}},
    INSTITUTION = {ArXiv e-prints},
    NUMBER      = {1602.01777},
    PDF         = {http://arxiv.org/pdf/1602.01777v1.pdf},
    URL         = {http://arxiv.org/abs/1602.01777},
    YEAR        = {2016},
    keywords    = {fw}
}
